3082 3778
0 0 80 14 =====

0 15 59 26 m*

912 796 1423 894 Lectiones
1503 793 2150 913 vergilianac.

1457 1070 1595 1110 Scripsit

1323 1268 1370 1324 0.
1419 1267 1727 1323 Ribbeck.

354 1781 618 1860 Georgica
657 1804 939 1859 Vergilius
974 1818 1056 1859 quo
1087 1810 1273 1860 tempore
1306 1804 1535 1860 scripserit,
1577 1804 1835 1844 notissimum
1865 1803 2144 1843 testimonium
2176 1803 2216 1841 in
2250 1802 2547 1842 commentario
2580 1801 2783 1842 Sci-viano
2817 1800 2882 1853 (ad

186 1868 389 1911 Aeneidis
417 1869 504 1912 init.
531 1869 638 1911 conl.
671 1870 777 1911 vitae
806 1872 869 1923 ἓξ.
899 1870 951 1910 31
982 1870 1038 1911 40
1066 1870 1121 1911 42
1150 1870 1223 1926 50)
1254 1876 1368 1911 extat
1396 1870 1497 1911 hoc:
1537 1870 1692 1922 ‘item',
1722 1885 1777 1910 sc.
1806 1877 1900 1925 post
1927 1869 2137 1921 bucolica,
2168 1869 2400 1925 ‘proposuit
2426 1868 2643 1909 Maecenas
2672 1866 2882 1923 georgica-

184 1948 290 1991 quae
318 1936 481 1993 scripsit
509 1935 825 1993 emendavitque
853 1941 1010 1992 septem
1047 1935 1192 1977 annis.'
1257 1934 1368 1977 Nam
1402 1950 1496 1977 cum
1536 1934 1701 1992 eclogas
1740 1935 1899 1977 iuvenis
1935 1950 2141 1976 annorum
2171 1934 2374 1977 XXVIII
2412 1934 2612 1985 triennio,
2652 1934 2673 1973 i.
2705 1947 2739 1973 c.
2778 1932 2884 1973 intra

181 2014 313 2043 annos
351 2001 591 2047 712—714
627 2001 874 2055 absolvisse,
913 2001 1094 2043 Aeneidi
1143 2001 1335 2044 undecim
1371 2008 1579 2044 extremos
1618 2001 1726 2043 vitae
1764 2016 1895 2043 annos
1935 2002 2171 2044 725—735
2212 2001 2405 2043 tribuisse
2444 2001 2653 2042 tradatur.
2699 1999 2880 2040 medium

182 2067 326 2108 aetatis
354 2068 532 2123 spatium
557 2068 764 2124 georgicis
793 2068 1051 2124 relinquitur.
1111 2066 1232 2118 Quae
1259 2082 1360 2108 num
1391 2081 1437 2108 re
1466 2081 1566 2108 vera
1604 2070 1794 2108 ‘reverso
1825 2068 1877 2108 ab
1907 2068 2081 2108 Actiaca
2111 2068 2281 2107 victoria
2311 2068 2505 2123 Augusto
2546 2075 2669 2121 atque
2701 2065 2882 2105 reficien-

183 2131 330 2175 darum
369 2132 551 2175 faucium
580 2148 702 2176 causa
729 2133 897 2176 Atellae
934 2133 1227 2176 commoranti'
1266 2132 1501 2175 recitaverit
1534 2138 1679 2190 poeta,
1719 2133 1877 2175 nescire
1908 2132 2067 2175 licebit:
2109 2132 2258 2175 certius
2289 2140 2349 2174 est
2379 2147 2544 2173 versum
2583 2131 2627 2172 ΙΙ
2671 2131 2751 2172 497
2791 2135 2882 2171 ‘aut

182 2198 398 2241 coniurato
437 2198 692 2243 descendens
730 2199 873 2243 Dacus
912 2200 965 2249 ab
1002 2199 1133 2242 Istro'
1169 2199 1223 2241 ad
1261 2214 1417 2242 annum
1456 2200 1538 2242 724
1575 2199 1798 2256 quadrare,
1847 2215 1928 2256 quo
1965 2199 2163 2242 adversus
2201 2199 2426 2241 Bastarnas
2465 2208 2506 2240 et
2540 2197 2680 2240 Dacos
2728 2196 2881 2238 belluni

181 2278 207 2305 a
227 2262 286 2307 M.
309 2263 461 2309 Crasso
490 2273 654 2324 gestum
683 2273 756 2310 est.
814 2266 923 2310 Item
953 2281 1059 2324 quae
1087 2266 1131 2309 in
1164 2274 1350 2310 extremo
1381 2273 1527 2324 quarto
1557 2266 1665 2309 libro
1693 2266 1911 2324 leguntur:
1940 2267 2063 2308 ‘haec
2087 2281 2212 2323 super
2239 2281 2437 2307 arvorum
2461 2265 2574 2307 cultu
2602 2280 2882 2321 pecorumqm¹

182 2332 382 2375 canebam
424 2332 480 2376 Et
516 2348 641 2391 super
669 2334 910 2387 arboribus,
949 2332 1106 2377 Caesar
1141 2333 1240 2376 dum
1275 2349 1452 2391 magnus
1488 2333 1542 2375 ad
1580 2333 1711 2376 altum
1753 2333 1966 2376 Fuhninat
1994 2333 2238 2391 Euphraten
2277 2332 2411 2385 bello,
2453 2332 2666 2389 victorque
2708 2331 2882 2373 volentis

181 2398 266 2441 Per
291 2399 469 2457 populos
498 2400 568 2442 dat
594 2400 685 2442 iura
713 2401 906 2458 viamque
931 2400 1108 2442 adfectat
1129 2400 1337 2460 Olympo'
1368 2416 1454 2443 non
1480 2407 1654 2459 possunt
1679 2416 1763 2443 non
1792 2401 1846 2442 ad
1874 2401 1973 2442 anni
2004 2401 2085 2443 724
2117 2400 2295 2442 hiemem
2325 2398 2493 2452 referri,
2526 2414 2607 2455 qua
2628 2398 2882 2442 Octavianus

181 2466 225 2507 in
253 2466 359 2508 Asia
397 2481 491 2508 cum
530 2473 760 2509 ceterarum
794 2469 981 2524 gentium
1014 2474 1102 2509 tum
1137 2467 1390 2510 Parthorum
1428 2483 1493 2510 res
1531 2468 1771 2525 composuit.
1832 2467 1917 2511 Sed
1954 2468 2082 2509 literis
2120 2467 2240 2508 nimis
2279 2467 2467 2508 inhaeret
2508 2466 2773 2522 VVagncrus,
2813 2467 2882 2523 qui

183 2532 334 2575 reiecto
373 2533 487 2589 quod
525 2548 652 2590 supra
688 2534 898 2576 attulimus
935 2534 1169 2576 testimonio
1205 2541 1246 2576 et
1287 2535 1377 2576 sola
1407 2535 1570 2591 Vergili
1612 2535 1765 2576 scilicet
1803 2535 2044 2576 auctoritate
2084 2534 2250 2575 innixus
2288 2540 2421 2574 totum
2461 2548 2564 2589 opus
2606 2534 2714 2573 intra
2752 2548 2882 2574 annos

183 2599 422 2641 723—725
461 2600 736 2642 coercendum
777 2615 866 2643 esse
900 2601 997 2642 inde
1025 2600 1246 2653 conclusit,
1284 2601 1399 2656 quasi
1428 2615 1512 2642 non
1551 2605 1696 2657 poe‘tae
1725 2608 1831 2642 esset
1866 2615 1948 2641 uno
1987 2600 2131 2642 Musae
2168 2600 2322 2656 impetu
2362 2607 2481 2656 parta
2522 2599 2736 2642 simulare.
2778 2616 2882 2655 quac

183 2664 427 2707 ‘lambendo
456 2664 625 2707 demum
654 2681 776 2709 ursae
803 2682 921 2709 more
949 2664 1237 2723 effinguntur'.
1297 2666 1429 2707 Aliud
1469 2666 1568 2722 quid
1606 2667 1729 2707 simili
1768 2667 1990 2708 subtilitate
2025 2667 2219 2724 abreptus
2257 2665 2477 2722 indagasse
2514 2665 2721 2707 Frankius
2752 2666 2881 2740 (Fast.

181 2730 289 2775 Hor.
317 2731 390 2788 23)
416 2731 495 2773 sibi
523 2731 635 2774 visus
665 2739 736 2775 est.
797 2732 906 2777 Cum
936 2733 1049 2776 enim
1084 2733 1262 2775 dubitari
1299 2748 1398 2775 sane
1436 2741 1613 2789 nequeat
1654 2734 1755 2790 quin
1782 2733 1839 2775 ad
1878 2750 2034 2775 annum
2074 2734 2154 2775 719
2193 2732 2449 2790 pertineant,
2490 2748 2596 2788 quae
2635 2732 2729 2774 libri
2760 2733 2881 2789 p1imi

180 2797 269 2839 initi
326 2797 400 2853 (24
431 2799 538 2854 sqq.)
578 2804 619 2840 et
651 2798 765 2841 exitu
793 2799 895 2854 (500
918 2801 1026 2857 sqq.)
1055 2799 1107 2841 de
1136 2798 1284 2842 divinis
1319 2798 1537 2843 Octaviani
1566 2799 1794 2841 honoribus
1826 2807 1865 2841 et
1897 2800 1949 2841 de
1980 2799 2195 2857 periculis,
2227 2798 2377 2856 quibus
2406 2806 2581 2840 vexetur
2611 2813 2675 2840 res
2704 2799 2881 2856 publica

180 2812 401 2918 imffiiiltur,
444 2864 516 2907 ille
544 2865 680 2907 statim
708 2880 793 2908 non
823 2866 900 2908 ‘ad
927 2866 1074 2909 finem’
1101 2872 1261 2908 tantum
1298 2866 1585 2924 ‘perductum'
1613 2866 1793 2924 primum
1822 2866 1976 2908 librum
2006 2882 2055 2909 eo
2085 2882 2196 2909 anno
2206 2899 2216 2921 ,
2255 2866 2328 2909 sed
2368 2867 2492 2909 etiam
2527 2881 2713 2908 scorsum
2753 2875 2820 2907 ω
2824 2866 2881 2907 ul

178 2931 345 2988 gatum'
384 2944 473 2973 esse
514 2931 593 2973 sibi
630 2933 844 2990 persuasit.
902 2933 964 2975 At
1005 2939 1144 2974 tamen
1181 2947 1265 2975 uno
1307 2933 1551 3009 prohoemio
1596 2934 1912 2990 comprehendit
1954 2939 2076 2992 poe‘ta
2121 2933 2245 2975 totius
2291 2934 2427 2991 operis
2466 2934 2699 2975 materiam:
2745 2934 2882 2990 itaquo

179 2996 429 3052 modestius,
459 2997 503 3039 ni
530 2997 677 3052 fallor,
708 2998 890 3042 dicemus
912 3000 1172 3043 innotescere
1198 3000 1380 3057 potuisse
1401 3000 1544 3042 amicis
1564 3001 1810 3057 quibusdam
1834 3016 2002 3043 carmen
2020 3001 2125 3043 illud
2149 3017 2174 3042 a
2195 3002 2297 3054 719,
2325 3008 2448 3057 atque
2476 3001 2530 3041 ita
2551 3000 2645 3040 satis
2675 3015 2883 3057 superque

180 3062 434 3120 explicatum
464 3063 564 3119 erit,
603 3065 714 3108 unde
743 3075 833 3108 orta
862 3068 915 3109 sit
944 3066 1017 3109 illa
1045 3082 1242 3109 versuum
1272 3074 1555 3111 extremorum
1592 3071 1659 3109 ‘ut
1687 3083 1781 3110 cum
1811 3069 2045 3111 carceribus
2075 3083 2164 3111 sese
2194 3067 2379 3110 effudere
2417 3067 2663 3124 quadrigae,
2708 3067 2884 3109 Addunt

180 3129 223 3172 in
251 3128 382 3187 spatia
410 3136 452 3174 et
478 3130 633 3175 frustra
660 3132 888 3176 retinacula
914 3133 1088 3177 tendens
1115 3132 1270 3176 Fertur
1298 3134 1414 3191 equis
1444 3134 1591 3191 auriga
1626 3149 1762 3190 neque
1800 3135 1915 3177 audit
1951 3151 2097 3177 currus
2126 3134 2330 3176 habenas⁷
2360 3133 2583 3176 similitudo
2623 3149 2717 3175 cum
2747 3133 2883 3175 Hora-

179 3194 300 3238 tianis
328 3196 372 3237 in
400 3196 526 3239 satira
557 3197 693 3256 prima
721 3199 823 3255 (114
850 3200 981 3256 sqq.),
1021 3214 1127 3257 quae
1163 3206 1363 3257 quantum
1390 3207 1484 3259 post
1521 3216 1677 3243 annum
1707 3201 1789 3243 716
1827 3201 1979 3258 scripta
2007 3201 2077 3255 sit,
2117 3200 2378 3258 ignoramus:
2419 3203 2486 3242 ‘ut
2515 3216 2611 3242 cum
2649 3200 2883 3243 carceribus

179 3262 325 3306 missos
354 3263 462 3322 rapit
489 3265 648 3322 ungula
678 3281 845 3321 currus,
885 3266 1020 3310 Instat
1054 3266 1169 3324 equis
1207 3267 1372 3326 auriga'
1412 3283 1446 3312 e.
1478 3283 1517 3326 q.
1545 3284 1576 3312 s.
1635 3267 1745 3311 Nam
1775 3268 1888 3325 quod
1924 3267 2044 3312 Bavii
2076 3283 2240 3311 versum
2271 3266 2451 3310 ‘hordea
2487 3267 2556 3324 qui
2595 3266 2720 3317 dixit,
2761 3283 2884 3325 super

2343 3348 2364 3387 1
