3082 3778
1151 39 1558 91 -4-

0 162 113 204 Haec
151 178 249 205 cum
288 165 386 206 satis
423 165 533 207 bene
581 180 626 207 se
671 166 866 222 excipere
910 167 1152 221 videantur,
1199 169 1562 226 interrumpuntur
1598 170 1788 211 versibus
1829 169 2111 224 alienissimis,
2159 172 2230 228 qui
2285 186 2371 215 non
2417 174 2471 216 ad
2507 174 2711 217 culturam

0 243 217 285 agrorum,
248 229 323 272 sed
353 230 408 271 ad
438 230 541 273 caeli
571 231 749 287 gratiam
778 232 921 274 omnia
949 232 1171 276 referenda
1198 248 1289 278 esse
1317 235 1489 277 docent:

543 330 624 371 100
669 330 810 373 umida
838 331 1013 374 solstitia
1041 339 1166 389 atquc
1191 332 1351 376 >hiemes
1382 340 1497 377 orate
1526 348 1711 386 serenas,

666 398 899 455 agricolae:
930 399 1107 442 hiberno
1137 399 1360 442 laetissima
1385 401 1559 458 pulvere
1587 401 1720 454 farra,

669 464 802 509 laetus
831 480 955 524 ager,
983 467 1099 510 nullo
1127 473 1291 510 tantum
1317 482 1362 510 se
1391 467 1531 525 Mysia
1559 468 1672 511 cultu

668 531 791 574 iactat
820 540 861 574 et
890 533 978 590 ipsa
1007 548 1101 574 suas
1129 534 1334 575 mirantur
1364 532 1560 590 Gargara
1593 548 1758 576 messes.

0 627 118 670 Certe
148 627 216 670 vel
247 627 287 668 in
320 628 495 670 exordio
527 629 594 671 vel
624 629 667 671 in
696 631 810 672 exitu
838 632 963 673 totius
1000 631 1081 674 loci
1118 632 1217 673 talia
1254 631 1465 674 monenda
1503 638 1633 674 erant.
1692 632 1962 689 Quamquam
1988 633 2127 690 qualia
2155 650 2267 677 nunc
2302 644 2420 691 sunt,
2452 651 2587 694 neque
2615 645 2709 695 post

0 711 29 736 ν.
61 694 140 737 117
171 694 304 752 posita
333 695 430 737 satis
462 695 620 740 faciunt
655 712 791 753 neque
828 713 924 740 cum
952 698 1235 756 superioribus
1263 699 1371 741 bene
1401 697 1673 754 coalescunt..
1712 696 1866 740 Hiulca
1894 699 2028 750 enim,
2057 701 2101 742 ni
2128 701 2274 756 fallor,
2303 718 2352 745 ac
2374 704 2549 747 molesta
2576 704 2708 746 oratio

0 763 94 803 haec
132 761 260 804 foret:
314 762 451 805 ‘illius
489 765 712 806 immensae
749 773 952 820 ruperunt
986 764 1137 807 horrea
1172 781 1318 807 messes
1356 764 1458 819 (49).
1501 763 1642 806 umida
1680 763 1854 806 solstitia
1880 797 1890 806 .
1921 797 1931 806 .
1962 797 1972 806 .
2001 767 2098 822 ‘cjpsa
2126 784 2225 810 suas
2253 770 2464 813 mirantur
2505 769 2708 828 Garyara

0 842 135 870 messes
172 828 337 885 (100—
351 830 462 886 104).
502 845 555 872 ac
586 830 700 887 prius
728 830 919 887 ignotum
946 830 1059 873 ferro
1090 845 1216 887 quam
1244 829 1469 873 scindimus
1497 843 1678 887 aequor,
1708 829 1868 873 Ventos
1898 837 1939 874 et
1965 831 2127 874 varium
2150 833 2255 877 caeli
2283 836 2544 893 praediscere
2571 851 2707 881 mores

0 894 105 938 Dura
133 895 205 939 sit'
236 896 310 951 (50
338 897 430 954 sq.).
480 896 536 939 Et
562 904 702 940 tamen
731 897 798 940 hic
826 897 939 939 solus
961 896 1077 941 locus
1108 905 1189 951 est,
1220 897 1291 940 ubi
1311 896 1609 940 sententiarum
1629 896 1775 939 saltem
1803 898 1938 940 tenori
1958 899 2141 955 quodam
2163 900 2291 945 modo
2319 902 2393 945 illa
2418 904 2707 961 respondeant.

0 961 104 1015 Quid
135 962 265 1020 igitur
294 963 550 1022 probabilius
579 970 825 1018 statuemuS,
856 978 983 1021 quam
1007 964 1197 1007 secundis
1228 964 1337 1007 curis
1367 964 1448 1006 hoc
1472 963 1799 1007 additamentum
1824 964 2075 1008 confinxisse
2091 964 2353 1025 Vergilium,
2384 969 2457 1012 sed
2482 969 2534 1014 ad
2559 970 2706 1029 reliqui

0 1029 184 1069 &arminis
213 1037 455 1071 contextum
483 1030 805 1071 adcommodare
834 1031 1105 1088 neglexisse?

158 1096 292 1138 Paulo
323 1104 432 1152 post,
463 1097 531 1138 ubi
562 1098 785 1153 exponitur
811 1113 895 1152 quo
926 1098 1098 1139 consilio
1130 1099 1333 1139 humanos
1365 1098 1529 1139 labores
1562 1097 1759 1153 Juppiter
1787 1098 2007 1139 instituerit
2036 1099 2136 1151 (133
2166 1101 2265 1155 sq.):

668 1204 712 1238 ut
741 1198 878 1240 varias
908 1212 1005 1239 usus
1034 1198 1273 1239 meditando
1302 1198 1552 1239 extunderet
1579 1197 1678 1238 artis

668 1262 889 1320 paulatim,
920 1270 961 1305 et
990 1264 1113 1305 sulcis
1142 1263 1340 1305 frumenti
1371 1270 1592 1319 quaereret
1621 1263 1817 1315 herbam,

663 1337 708 1372 ut
737 1330 859 1373 silicis
890 1330 1006 1372 venis
1034 1330 1271 1372 abstrusum
1300 1329 1527 1372 excuderet
1554 1330 1697 1387 ignem

0 1429 113 1471 facile
142 1429 276 1485 quivis
304 1436 344 1471 et
372 1429 626 1472 fastidiosam
658 1444 853 1472 versuum
883 1438 1083 1487 agnoscet
1112 1430 1426 1473 consonantiam
1456 1436 1496 1471 et
1533 1429 1641 1485 ignis
1671 1429 1930 1486 potissimum
1958 1431 2213 1473 mentionem
2243 1437 2357 1474 tanta
2396 1433 2566 1490 insuper
2590 1449 2707 1492 repe-

0 1494 87 1538 :itae
118 1495 211 1538 ‘ut'
239 1495 412 1539 voculae
432 1495 473 1537 vi
498 1495 634 1538 statim
663 1495 856 1539 iniectam
881 1496 1112 1540 mirabitur.
1155 1496 1266 1539 Nam
1286 1501 1446 1539 ceterae
1476 1495 1645 1552 quidem
1673 1501 1804 1549 artes,
1836 1501 1881 1538 ut
1900 1510 2028 1540 naves
2050 1496 2296 1541 aedificandi
2327 1498 2465 1556 (136),
2493 1499 2707 1544 stellarum

0 1576 160 1605 :ursum
181 1562 432 1606 observandi
452 1563 551 1618 (137
569 1564 671 1620 sq.),
699 1563 879 1605 venandi
899 1564 999 1619 (139
1024 1564 1116 1621 sq.),
1147 1562 1335 1621 piscandi
1359 1562 1455 1619 (141
1482 1564 1574 1620 sq.),
1603 1561 1833 1605 fabricandi
1852 1561 1906 1604 ad
1935 1562 2044 1606 vitae
2070 1577 2191 1606 usum
2210 1564 2483 1609 instrumenta
2501 1567 2603 1623 (142
2627 1569 2706 1625 sq.)

0 1629 33 1670 [n
64 1630 331 1686 sequentibus
371 1629 565 1687 deinceps
600 1636 849 1687 tanguntur:
894 1637 981 1672 tum
1020 1631 1187 1672 demum
1217 1629 1271 1672 ad
1300 1629 1466 1672 Cereris
1506 1629 1689 1672 instituta
1717 1629 1912 1672 transitus
1941 1636 2113 1687 paratur
2147 1631 2247 1686 (145
2276 1633 2398 1690 sqq.).
2458 1632 2609 1692 Neque
2637 1640 2708 1677 aut
2721 1651 2787 1688 f

0 1696 242 1753 :orrigendo
284 1699 361 1737 ‘ut
398 1696 523 1738 sulcis
564 1728 571 1736 .
605 1727 614 1736 .
644 1727 652 1736 .
693 1702 744 1736 ct
781 1696 926 1738 silicis'
955 1702 1224 1738 removentur
1263 1696 1362 1737 vitia
1397 1696 1470 1737 illa
1499 1703 1569 1738 aut
1597 1696 1828 1754 Wagneri,
1867 1695 1939 1753 qui
1967 1711 2006 1737 v.
2039 1696 2200 1739 135'111
2235 1698 2426 1756 margine
2461 1714 2486 1741 a
2516 1699 2706 1758 Vergilio

0 1762 225 1819 adpositum
254 1763 380 1805 fuisse
409 1763 662 1821 suspicatur,
689 1763 863 1803 artificio
894 1762 991 1804 satis
1022 1758 1285 1805 excusantur.
1345 1762 1431 1814 Qui
1457 1763 1492 1803 si
1518 1778 1565 1805 re
1605 1777 1705 1805 vera
1732 1762 1968 1821 ascripserit
1998 1777 2165 1806 versum
2200 1765 2341 1820 illum,
2381 1780 2467 1809 non
2503 1766 2585 1808 alia
2612 1781 2707 1826 pro-

0 1831 97 1871 }'ecto
128 1846 252 1872 causa
281 1831 324 1871 id
353 1831 499 1871 fecisse
517 1830 725 1886 putandus
753 1830 824 1882 sit,
856 1845 983 1885 quam
1013 1838 1058 1871 ut
1087 1830 1248 1885 reliqua
1279 1830 1568 1886 amplificaret,
1601 1831 1741 1886 itaque
1769 1830 1858 1887 ipse
1887 1844 2059 1871 suorum
2086 1838 2306 1889 corruptor
2334 1833 2527 1875 extiterit.
2586 1832 2707 1885 Quae

0 1911 85 1937 :um
114 1897 170 1937 ita
198 1897 301 1950 sint,
333 1912 428 1938 cum
459 1911 627 1937 versum
659 1897 740 1937 134
777 1911 1031 1952 quamquam
1068 1903 1108 1936 et
1133 1895 1275 1936 Probo
1306 1896 1398 1936 inst.
1427 1912 1605 1952 gramm.
1635 1897 1659 1937 I
1685 1897 1733 1949 9,
1766 1897 1815 1936 11
1845 1903 1885 1937 et
1913 1894 2054 1937 Nonio
2089 1897 2194 1950 317,
2226 1898 2280 1939 13
2318 1904 2463 1940 notum
2501 1899 2590 1941 sine
2618 1900 2706 1942 ullo

0 1962 144 2005 iamno
173 1971 298 2020 atque
327 1964 451 2006 etiam
480 1965 656 2005 fortasse
685 1979 780 2005 cum
809 1963 950 2019 aliquo
981 1962 1201 2006 commodo
1237 1962 1466 2004 desiderari
1495 1978 1616 2020 posse
1648 1962 1784 2005 iudico
1813 1969 1902 2004 tum
1931 1970 2172 2019 sequentem
2207 1964 2391 2006 maxima
2417 1966 2708 2024 probabilitate

0 2030 110 2072 reddi
139 2030 449 2087 interpolatori,
487 2031 557 2087 qui
592 2031 634 2071 in
674 2031 784 2072 Aen.
814 2030 837 2071 I
868 2031 950 2071 174
989 2030 1115 2072 ‘silici
1144 2030 1365 2072 scintillam
1398 2030 1586 2072 excudit'
1617 2037 1656 2072 et
1692 2030 1759 2072 VI
1794 2030 1818 2071 7
1858 2030 2038 2072 ‘semina
2066 2031 2258 2074 flammae
2285 2033 2495 2075 Abstrusa
2520 2034 2563 2075 in
2589 2034 2707 2076 venis

0 2096 133 2139 ;i1icis'
162 2097 351 2140 invenire
380 2104 563 2155 poterat,
593 2096 703 2139 unde
731 2112 807 2139 sua
837 2096 1155 2154 conglutinaret.
1213 2096 1305 2139 Nec
1329 2095 1478 2138 desunt
1502 2096 1583 2138 alia
1605 2095 1934 2155 interpolationis
1955 2094 1999 2137 in
2029 2096 2238 2155 georgicis
2263 2098 2439 2157 vestigia
2469 2099 2707 2142 certissima.

0 2163 86 2205 >lon
117 2164 209 2205 dico
238 2163 352 2205 illam
383 2163 437 2205 ad
466 2163 489 2204 Ι
518 2164 601 2205 299
630 2163 870 2220 parodiam:
914 2164 1067 2205 ‘nudus
1097 2179 1191 2216 ara,
1232 2177 1325 2205 sere
1356 2163 1512 2205 nudus:
1558 2163 1730 2205 habebis
1760 2163 1919 2219 frigore
1948 2162 2133 2218 febres’‚
2169 2179 2276 2221 quae
2304 2165 2348 2207 in
2379 2173 2543 2208 nostros
2575 2166 2706 2209 libros

0 2245 76 2272 aon
111 2231 283 2272 transiit.
351 2230 649 2287 Nympharum
689 2245 856 2286 quoque
895 2230 1065 2272 nomina
1102 2230 1122 2271 1
1165 2230 1270 2282 338,
1313 2244 1421 2285 quae
1459 2244 1511 2271 ex
1551 2230 1661 2271 Aen.
1703 2229 1743 2270 V
1781 2229 1864 2270 826
1901 2229 2158 2286 irrepserunt
2202 2231 2245 2272 in
2291 2231 2517 2275 deteriores
2564 2232 2706 2287 libros,

0 2298 138 2340 iesunt
175 2298 216 2339 in
246 2296 437 2339 Palatino
466 2296 657 2339 Romano
687 2296 899 2339 Medicco:
929 2312 978 2338 ac
1006 2311 1059 2339 ne
1086 2296 1325 2339 Macrobius
1355 2296 1523 2353 quidem
1556 2295 1643 2340 Sat.
1674 2295 1715 2337 V
1756 2296 1807 2337 17
1846 2301 2069 2352 utrumque
2098 2296 2237 2340 locum
2271 2298 2473 2342 conflasse
2499 2299 2707 2356 putandus

0 2370 70 2417 ³st,
100 2363 133 2406 si
164 2364 333 2421 quidem
360 2364 531 2407 testibus
562 2362 715 2407 Salisb.
745 2362 856 2406 Med.
887 2364 913 2406 2
943 2363 1056 2406 Med.
1089 2364 1110 2405 1
1142 2378 1197 2405 m.
1227 2377 1307 2407 sec.
1338 2362 1443 2406 haec
1472 2362 1699 2421 excerpsit:
1742 2361 2019 2419 ‘Drymoque
2047 2362 2304 2422 Xanthoque
2331 2363 2548 2423 Ligeaque
2575 2365 2707 2425 Phyl-
2736 2419 2739 2422 Δ

4 2430 240 2488 odoceque,
282 2438 351 2474 et:
383 2431 527 2474 Melite
557 2430 838 2489 Panopeaque
869 2431 990 2488 virgo
1019 2429 1173 2473 Nisaee
1203 2428 1411 2488 Spioque'
1441 2444 1476 2472 e.
1499 2445 1538 2488 q.
1558 2444 1591 2473 s.
1648 2427 1737 2473 Sed
1764 2428 1807 2470 in
1841 2427 2004 2487 Orphei
2032 2429 2173 2473 fabula
2200 2430 2308 2475 libro
2337 2431 2404 2475 IV
2428 2438 2523 2491 post
2553 2448 2592 2476 v.
2622 2433 2706 2477 472

0 2499 116 2541 iabes
146 2499 189 2539 in
217 2498 409 2540 Romano
449 2498 593 2541 codice
621 2498 822 2555 ascriptos
852 2504 936 2540 tres
973 2511 1140 2552 versus,
1180 2497 1251 2554 qui
1290 2511 1344 2539 ex
1382 2497 1506 2540 simili
1544 2496 1746 2540 Aeneidis
1790 2495 1852 2537 VI
1891 2496 1975 2538 310
2013 2511 2105 2554 sqq.
2144 2497 2238 2541 loco
2279 2499 2442 2557 repetiti
2477 2505 2585 2542 sunt.
2652 2499 2705 2543 In

0 2566 113 2623 psius
143 2565 321 2607 Medicei
350 2565 582 2622 marginem
614 2571 707 2622 post
737 2582 775 2606 v.
801 2564 885 2607 389
915 2564 1011 2606 libri
1034 2563 1058 2605 I
1087 2579 1215 2606 manu
1243 2564 1399 2606 recenti
1427 2563 1557 2606 inlata
1594 2570 1710 2606 sunt:
1752 2566 1814 2605 ‘et
1843 2569 1966 2620 caput·
1993 2563 2170 2606 obiectat
2199 2565 2421 2622 querulum
2448 2566 2706 2611 venientibus
2806 2620 2811 2624 Π

0 2632 143 2686 ιιιᾶί5“’,
178 2646 285 2689 quae
315 2647 366 2674 ex
398 2647 542 2673 versus
571 2632 653 2673 386
693 2635 825 2673 ‘nunc
857 2637 980 2688 caput
1009 2632 1216 2674 obiectare
1243 2631 1380 2684 fretis,
1414 2646 1526 2673 nunc
1555 2645 1724 2673 currere
1754 2631 1798 2671 in
1828 2629 1981 2672 undas'
2021 2631 2235 2674 elementis
2264 2632 2350 2675 ludi
2381 2647 2503 2675 causa
2530 2634 2707 2676 conficta

0 2713 74 2741 {sse
104 2713 228 2740 nemo
260 2713 343 2739 non
375 2698 588 2739 intellexit.
648 2698 755 2739 Item
785 2699 826 2738 in
856 2696 903 2738 Il
934 2698 1037 2750 127,
1068 2698 1139 2739 ubi
1172 2698 1224 2740 de
1252 2697 1364 2739 malo
1393 2697 1559 2740 Medico
1588 2698 1718 2754 vulgo
1748 2697 1852 2739 haec
1880 2696 2097 2767 leguntur:

890 2811 974 2853 quo
1004 2811 1088 2840 non
1117 2795 1375 2855 praesentius
1406 2795 1560 2850 ullum,

661 2862 813 2922 pocula
842 2863 876 2906 si
906 2863 1073 2922 quando
1103 2877 1250 2907 saevae
1278 2862 1460 2907 infecere
1489 2876 1714 2917 novercae,

658 2931 997 2988 miscueruntque
1026 2931 1177 2974 herbas
1206 2937 1247 2973 et
1271 2945 1356 2973 non
1385 2931 1557 2974 innoxia
1586 2931 1737 2984 verba,

539 2999 620 3038 130
662 2999 863 3039 auxilium
894 2999 1008 3040 venit
1035 3014 1083 3038 ac
1112 2998 1311 3039 membris
1340 2999 1428 3054 agit
1456 3006 1546 3039 atra
1576 3011 1737 3039 venena

0 3099 162 3142 .³alatini
190 3099 359 3157 quidem
389 3105 429 3142 et
449 3097 629 3141 Romani
654 3097 899 3142 testimoniis
927 3098 1110 3142 destituti
1139 3112 1301 3152 sumus,
1329 3098 1373 3141 in
1393 3097 1582 3143 Mediceo
1608 3113 1708 3142 vero
1728 3097 1908 3155 margini
1934 3103 2095 3141 tantum
2120 3097 2320 3158 ascriptus
2352 3097 2506 3156 legitur
2543 3114 2582 3140 v.
2609 3098 2703 3156 129,

0 3174 29 3210 1t
57 3175 168 3210 recte
196 3168 385 3210 statuisse
414 3166 658 3218 videantur,
689 3165 760 3221 qui
781 3172 938 3209 temere
963 3167 1136 3208 ascitum
1166 3180 1255 3209 esse
1284 3165 1478 3223 suspicati
1497 3172 1594 3208 sunt
1619 3179 1673 3208 ex
1702 3164 1775 3207 111
1803 3165 1887 3208 283
1927 3164 2244 3223 ‘hippomanes,
2276 3165 2390 3223 quod
2418 3178 2541 3223 saepe
2568 3165 2703 3210 malae

0 3249 126 3292 egere
145 3249 372 3288 novercae,
402 3232 745 3289 Miscueruntque
763 3265 772 3274 .
797 3265 805 3273 .
828 3265 837 3274 .
869 3232 998 3275 verba
1009 3232 1030 3274 '.
1090 3231 1212 3285 Quae
1232 3247 1327 3275 cum
1348 3232 1417 3275 hic
1436 3231 1591 3290 optime
1610 3232 1744 3289 posita
1766 3231 1869 3286 sint,
1900 3232 2042 3290 priore
2061 3247 2162 3277 vero
2183 3232 2276 3277 loco
2294 3232 2469 3276 molesta
2487 3238 2528 3276 et
2553 3232 2701 3287 aliena,

0 3316 35 3346 ie
61 3308 198 3361 potest
229 3301 398 3360 quidem
428 3316 481 3345 ex
513 3299 706 3344 sollemni
737 3299 918 3357 quadam
947 3304 1095 3358 poe‘tae
1124 3306 1255 3342 semet
1286 3299 1421 3358 ipsum
1450 3298 1649 3342 laudandi
1679 3305 1719 3343 et
1750 3313 1857 3357 quae
1895 3299 2025 3343 semel
2053 3299 2270 3359 eleganter
2310 3299 2419 3344 dicta
2449 3305 2569 3344 erant
2606 3298 2702 3343 data

0 3370 200 3413 ›ccasione
241 3369 420 3412 iterandi
448 3368 612 3411 licentia
643 3367 856 3409 excusatio
883 3367 1002 3410 sumi.
1062 3367 1262 3410 Poterant
1290 3374 1428 3410 autem
1457 3368 1538 3409 hoc
1575 3381 1693 3410 more
1722 3367 1877 3409 inducti
1908 3368 2226 3425 interpolatores
2256 3367 2378 3411 etiam
2407 3381 2457 3410 eo
2486 3366 2698 3424 progredi,
