3082 3778
1329 38 1396 44 .-
1522 12 1551 63 7
1671 37 1739 43 -

745 153 812 194 ’50
861 161 967 189 saxa
991 149 1141 186 sonant
1168 141 1366 198 vocisque
1394 120 1525 209 off&
1552 140 1723 181 resultat
1751 140 1901 195 imago.

760 216 812 256 18
855 219 908 253 at
937 208 1139 265 liquidi
1168 207 1351 250 fontes
1381 214 1431 249 et
1459 214 1652 263 stagna
1684 206 1913 247 virentia
1941 221 2117 247 musco

858 275 1015 319 adsint'
1043 289 1078 317 e.
1106 290 1146 331 q.
1175 289 1207 315 s.

1941 331 1964 346 Q

198 403 310 447 Nam
338 406 422 449 illic
452 406 586 465 posita
615 402 732 446 nullo
762 413 858 442 cum
888 397 1036 440 ceteris
1070 396 1236 439 vinculo
1265 395 1488 438 cohaerere
1520 394 1779 451 Schraderus
1807 393 1930 435 etiam
1959 393 2188 449 perspexit,
2228 393 2296 449 qui
2325 399 2463 434 tamen
2493 405 2588 433 cum
2618 390 2768 431 florum
2801 388 2889 430 her-

192 471 424 529 barumque
461 471 607 528 apibus
648 473 863 523 gratarum
901 462 1211 506 enumeratione
1248 463 1465 519 (30—32)
1510 469 1655 504 taxum
1693 459 1890 515 coniungi
1935 458 2078 500 voluit.
2150 457 2275 508 Quod
2313 460 2346 500 si
2386 460 2483 500 item
2524 456 2721 499 voluisset
2771 461 2891 512 poeta

194 536 453 581 Columellae
490 534 557 576 IX
594 533 622 574 5
665 530 812 573 ordine
840 536 1061 588 praecepta
1084 545 1159 572 sua
1185 529 1369 585 tradere,
1410 537 1519 573 certe
1556 528 1734 571 debebat
1762 526 1843 568 alia
1871 541 1919 567 ac
1956 524 2081 567 ‘neu'
2113 524 2258 566 vocula
2287 525 2516 581 periculosa
2547 539 2641 565 cum
2673 522 2891 564 salutiferis

191 615 452 661 componere.
552 603 556 606 ’
976 634 980 636 .

359 665 598 708 Turbarum
626 662 783 720 aliquid
811 663 995 706 eiusdem
1024 663 1101 706 viri
1129 663 1328 721 sagacitas
1358 662 1480 706 etiam
1507 662 1544 705 ei
1573 661 1665 704 loco
1695 660 1828 701 inesse
1858 658 2005 711 sensit,
2036 657 2107 699 ubi
2137 663 2284 699 natura
2312 672 2435 714 apum
2464 657 2720 699 describitur.
2772 658 2891 707 Quae

191 734 341 793 quibus
370 728 541 773 cautelis
579 728 830 787 inpendente
864 730 1007 788 pluvia
1045 736 1234 785 utantur,
1272 735 1491 788 postquam
1518 732 1732 770 narratum
1771 731 1831 768 est
1868 722 2163 779 (191—196),
2204 723 2417 780 sequentia
2453 723 2493 765 in
2533 722 2710 765 mirabili
2747 734 2891 764 earum

187 799 350 859 prolem
379 808 433 838 ex
460 795 557 854 ipsis
586 795 756 839 floribus
791 796 1013 855 herbisque
1050 796 1273 854 colligendi
1310 794 1643 854 procreandique
1677 792 1837 835 ratione
1878 795 2106 833 versantur.
2165 789 2271 832 Inde
2310 795 2350 832 et
2390 802 2533 846 regem
2563 796 2601 832 et
2632 790 2762 832 cives.
2794 787 2890 830 inde

189 872 228 906 et
258 863 406 905 domus
436 868 477 904 et
505 877 635 921 regna
661 870 806 922 sponte
835 864 932 906 oriri
956 864 1249 921 ,(197-202).
1298 862 1395 915 Quo
1426 862 1517 905 fieri
1546 868 1592 904 ut
1621 858 1809 917 quamvis
1838 857 2028 915 singulae
2057 856 2210 914 exigua
2239 856 2322 898 vita
2352 855 2562 909 fruantur,
2592 870 2723 912 genus
2753 864 2890 897 tamen

188 932 238 970 sit
267 931 499 971 immortale
536 932 823 987 (2067—209).
890 932 1051 989 Regem
1080 944 1181 972 vero
1210 943 1371 971 summa
1398 929 1549 987 pietate
1578 928 1679 968 coli:
1709 940 1758 967 eo
1788 926 1903 967 salvo
1934 925 2091 965 salvam
2121 937 2211 964 esse
2239 936 2327 963 rem
2358 923 2585 979 publicam,
2625 923 2773 962 amisso
2810 923 2890 962 labi

190 997 328 1038 omnia
357 1004 397 1038 et
425 1013 575 1052 susque
601 998 736 1052 deque
765 999 907 1038 haberi
937 999 1090 1051 (210-
1110 998 1230 1051 215),
1261 1011 1310 1037 eo
1340 996 1507 1037 iubente
1536 995 1668 1051 ipsam
1696 1000 1873 1034 mortem
1909 992 2069 1032 fortiter
2107 991 2276 1031 tolerari
2315 990 2601 1042 (216-218).
2662 990 2678 1023 (
2689 990 2890 1029 ›misimus-

189 1070 323 1106 autem
355 1079 495 1106 versus
525 1064 782 1106 203—205:

858 1200 980 1244 saepe
1008 1185 1131 1230 etiam
1161 1184 1275 1229 duris
1305 1183 1482 1229 errando
1511 1184 1554 1228 in
1583 1184 1742 1229 cotibus
1771 1183 1858 1227 alas

857 1253 1052 1296 attrivere
1080 1252 1274 1310 ultroque
1302 1251 1482 1294 animam
1514 1251 1591 1295 sub
1621 1250 1732 1294 fasce
1762 1249 1936 1294 dedere:

856 1326 994 1362 tantus
1023 1334 1141 1361 amor
1168 1319 1319 1362 florum
1348 1326 1390 1362 et
1412 1319 1643 1377 generandi
1669 1318 1805 1376 gloria
1835 1316 1982 1359 mellis.
2020 1320 2026 1327 “

192 1439 310 1493 Quos
341 1440 509 1483 fuerunt
538 1441 609 1497 qui
637 1441 717 1483 hoc
751 1441 1046 1484 sententiarum
1081 1457 1193 1484 nexu
1230 1442 1441 1498 proposito
1481 1457 1576 1483 cum
1605 1441 1749 1483 vicinis
1781 1440 2064 1482 conciliarent:
2106 1437 2330 1493 ‘colligunt
2360 1450 2457 1492 apes
2486 1436 2653 1491 generis
2684 1436 2894 1475 immorta-

191 1507 348 1551 litatem
378 1523 428 1551 ex
457 1507 650 1562 floribus,
680 1507 746 1550 cui
774 1515 887 1551 tanto
917 1508 1052 1551 studio
1081 1523 1251 1565 operam
1282 1508 1402 1561 dant,
1443 1515 1487 1550 ut
1516 1522 1569 1550 ne
1594 1507 1739 1551 ultima
1768 1506 1937 1563 quidem
1965 1504 2150 1563 pericula
2179 1503 2439 1546 detractent'.
2498 1502 2588 1544 Nec
2619 1502 2790 1543 omnino
2821 1501 2893 1543 du-

189 1574 305 1616 bium
333 1581 411 1628 est,
443 1574 544 1631 quin
573 1574 821 1632 ‘generandi
848 1574 985 1631 gloria
1011 1574 1164 1617 mellis'
1192 1575 1246 1617 ad
1274 1574 1456 1616 studium
1483 1573 1587 1616 illud
1615 1572 1834 1616 referenda
1862 1572 1924 1614 sit.
1992 1569 2079 1623 Sed
2107 1578 2244 1613 tamen
2277 1570 2467 1627 quotiens
2497 1569 2599 1611 haec
2629 1568 2794 1625 relego,
2825 1579 2895 1610 aut

190 1640 315 1698 paulo
343 1640 511 1683 uberius
539 1646 610 1682 aut
638 1639 743 1682 nihil
770 1640 822 1683 de
851 1640 1043 1697 periculis
1071 1640 1157 1683 istis
1186 1639 1408 1683 dicendum
1435 1639 1561 1683 fuisse
1589 1638 1765 1682 videtur.
1824 1638 2191 1699 Atque‘uberiora
2220 1644 2265 1679 ut
2294 1644 2506 1693 expectes,
2537 1636 2719 1678 maxime
2749 1635 2893 1677 invitat

190 1706 371 1749 formula
409 1708 552 1762 ‘saepe
590 1705 746 1757 etiam',
784 1720 890 1760 quae
928 1721 1023 1748 cum
1061 1706 1104 1748 in
1141 1706 1238 1748 solis
1276 1706 1484 1762 georgicis
1524 1705 1634 1761 apud
1662 1704 1899 1761 Vergilium
1927 1703 2182 1755 inveniatur,
2222 1718 2427 1758 nusquam
2457 1718 2540 1744 non
2572 1702 2626 1743 ita
2658 1709 2893 1757 usurpatur,

191 1778 236 1815 ut
264 1770 513 1815 enumeratis
550 1770 740 1829 pluribus
778 1786 935 1815 novum
981 1770 1192 1829 quoddam
1228 1771 1371 1815 eodem
1412 1778 1600 1829 spectans
1644 1770 1842 1814 addatur:
1891 1770 1941 1813 cf.
1980 1769 2004 1813 I
2043 1769 2098 1812 84
2134 1770 2216 1813 322
2255 1770 2338 1812 365
2383 1768 2453 1811 III
2496 1769 2576 1811 132
2614 1768 2696 1811 409
2729 1767 2793 1810 lv
2825 1767 2892 1809 42.

191 1837 288 1890 Quo
317 1837 475 1879 accedit
504 1837 627 1879 etiam
666 1837 940 1880 conclusionis
976 1837 1159 1896 gravitas
1198 1837 1422 1895 quaedam:
1460 1840 1662 1879 ‘tantus
1701 1836 1840 1879 amor’
1872 1849 1907 1879 e.
1936 1849 1976 1894 q.
2006 1850 2060 1890 s.,
2100 1835 2171 1893 qui
2210 1842 2388 1893 quantus
2419 1844 2523 1879 esset
2563 1834 2739 1878 debebat
2770 1833 2893 1892 paulo

192 1902 404 1962 copiosius
425 1905 623 1945 enarrari.
680 1904 804 1947 Certe
842 1910 1078 1962 comparata
1117 1904 1292 1946 currulis
1332 1904 1564 1947 certaminis
1599 1904 1874 1962 descriptione
1911 1902 1998 1959 (HI
2040 1903 2161 1960 112),
2201 1915 2307 1961 quae
2346 1902 2500 1946 eisdem
2531 1902 2617 1945 fere
2649 1901 2785 1945 verbis
2815 1909 2894 1944 ter—

191 1971 388 2011 minatur:
419 1974 575 2012 ‘tantus
604 1986 722 2012 amor
747 1971 938 2024 laudum,
967 1978 1143 2013 tantaest
1172 1973 1345 2014 victoria
1370 1972 1523 2024 curae,'
1559 1971 1718 2012 exilitas
1748 1971 1952 2026 quaedam
1992 1984 2186 2013 versuum
2226 1977 2463 2012 nostrorum
2493 1978 2676 2027 apparet.
2736 1970 2894 2011 Deesse

191 2044 330 2077 autem
358 2037 439 2077 hoc
475 2037 647 2092 quidem
678 2037 770 2078 loco
806 2038 1000 2078 facillime
1033 2046 1214 2095 possunt.
1284 2038 1426 2089 Quare
1463 2038 1590 2077 alium
1627 2038 1684 2077 eis
1721 2037 1859 2077 locum
1901 2036 2162 2079 Schraderus
2200 2043 2294 2094 post
2330 2053 2366 2076 v.
2412 2037 2490 2076 196
2531 2037 2677 2092 elegit.
2718 2044 2762 2075 ut
2793 2037 2893 2076 haec

192 2103 544 2159 coniungerentur
556 2120 565 2145 :

1084 2219 1146 2258 ‘et
1175 2228 1334 2274 saepe
1361 2215 1525 2274 lapillos

860 2290 905 2324 ut
935 2284 1108 2325 cumbae
1138 2283 1347 2325 instabiles
1375 2283 1503 2325 fluctu
1530 2283 1706 2325 iactante
1735 2284 1950 2325 saburram

860 2349 1032 2403 tollunt,
1062 2349 1124 2390 his
1154 2363 1243 2391 sese
1271 2362 1347 2406 per
1374 2348 1512 2390 inania
1541 2349 1686 2391 nubila
1713 2349 1879 2391 librant.

860 2429 1017 2473 saepe
1046 2415 1201 2457 etiam
1232 2415 1364 2458 duris'
1395 2431 1429 2458 e.
1460 2432 1499 2473 q.
1529 2431 1560 2458 s.

192 2538 253 2580 At
290 2543 559 2594 expectamus
583 2539 774 2595 {saepe
811 2537 1020 2591 tamen’,
1056 2551 1133 2580 nec
1171 2537 1267 2579 inde
1302 2537 1416 2594 quod
1457 2537 1571 2580 venti
1609 2537 1651 2579 vi
1683 2538 1879 2595 abreptae
1918 2538 2123 2594 quaedam
2163 2545 2341 2580 mortem
2372 2544 2593 2595 oppetunt,
2632 2537 2753 2579 studii
2785 2537 2893 2578 illius

191 2604 318 2648 ardor
346 2610 523 2661 quantus
552 2603 892 2661 sit'ffionspicitur.
949 2603 1131 2647 Possunt
1159 2619 1258 2647 vero
1285 2605 1407 2647 etiam
1436 2605 1540 2648 haec
1568 2606 1782 2663 componi:
1813 2605 1896 2647 215
1934 2604 2025 2653 ‘ille
2061 2620 2234 2662 operum
2272 2612 2432 2657 custOS,
2468 2604 2587 2646 illum
2624 2604 2892 2645 admirantur.

192 2676 233 2713 et
260 2684 403 2714 omnes
433 2668 713 2714 Circumstant
739 2669 906 2712 fremitu
934 2669 1063 2712 denso
1088 2670 1322 2727 stipantque
1341 2671 1598 2728 frequentes,
1628 2671 1684 2714 Et
1711 2681 1872 2728 saepe
1891 2671 2085 2714 attollunt
2102 2671 2254 2713 umeris
2284 2678 2324 2713 et
2344 2686 2522 2728 corpora
2541 2671 2652 2713 bello
2674 2671 2894 2714 Obiectant

191 2736 491 2796 pulchramque
517 2742 663 2795 petunt
691 2750 767 2798 per
796 2736 969 2780 volnera
995 2742 1185 2780 mortem.
1244 2735 1417 2795 Saepe
1445 2738 1601 2782 etiam
1630 2737 1764 2781 duris'
1792 2753 1827 2781 e.
1861 2754 1901 2795 q.
1931 2753 1963 2780 s.
2022 2736 2289 2795 Quamquam
2318 2737 2386 2780 vel
2414 2737 2474 2780 sic
2501 2736 2555 2780 ad
2586 2738 2893 2780 venerationem

191 2803 303 2862 regis
332 2817 419 2847 non
446 2808 618 2861 possunt
645 2802 724 2845 nisi
753 2802 925 2847 artificio
955 2803 1137 2860 quodam
1164 2803 1335 2858 referri,
1364 2811 1410 2847 ut
1436 2804 1732 2862 intellegantur
1757 2804 1881 2848 haec:
1913 2804 2082 2847 ‘amisso
2110 2819 2212 2861 rege
2241 2805 2381 2847 omnia
2400 2805 2582 2861 perdunt
2610 2820 2657 2847 ac
2683 2804 2893 2860 diripiunt,

192 2875 235 2912 at
261 2869 425 2913 salvum
450 2875 496 2912 ut
520 2875 561 2912 et
589 2868 813 2912 defendant
841 2869 953 2913 bello
984 2875 1024 2913 et
1053 2870 1199 2928 opibus
1226 2876 1407 2928 augeant
1434 2870 1544 2914 vitae
1571 2870 1649 2929 ipsi
1678 2870 1848 2915 minime
1876 2871 2076 2929 parcunt.'
2120 2869 2212 2915 Nec
2234 2877 2369 2929 potest
2399 2871 2565 2929 negari,
2594 2870 2681 2913 sine
2711 2870 2773 2913 his
2806 2886 2894 2913 ver—

192 2936 305 2980 sibus
334 2936 431 2979 satis
458 2935 678 2993 magnifice
705 2935 865 2993 reliqua
893 2936 1020 2979 exire.
1087 2937 1235 2995 Itaque
1272 2937 1482 2981 adsentior
1521 2937 1766 2996 Wagnero,
1805 2938 2025 2996 separatim
2064 2953 2134 2981 eos
2172 2938 2215 2980 in
2253 2938 2439 2980 chartam
2479 2938 2699 2980 coniecisse
2729 2943 2892 2995 poetam

193 3017 329 3063 neque
358 3018 454 3047 cum
482 3003 627 3046 ceteris
656 3010 702 3046 ut
729 3010 961 3047 conecteret
989 3004 1086 3047 satis
1115 3019 1291 3048 curasse.

359 3069 511 3129 Paucis
546 3070 697 3113 deinde
736 3071 788 3113 de
824 3071 964 3113 divina
1000 3086 1126 3129 apum
1160 3072 1323 3129 origine
1360 3073 1548 3116 versibus
1584 3073 1833 3130 interpositis
1872 3073 1926 3115 ad
1955 3073 2098 3115 messis
2132 3080 2321 3130 tempora
2360 3074 2620 3128 rationesque
2647 3073 2894 3129 explicanda

193 3134 352 3179 aceedit
379 3136 604 3197 Vergilius.
659 3137 798 3181 Docet
824 3143 963 3181 autem
990 3137 1193 3196 primum,
1229 3153 1312 3196 quo
1340 3138 1513 3183 artificio
1548 3139 1814 3197 (228-30),
1854 3139 2005 3183 deinde
2044 3139 2161 3196 quasi
2197 3139 2432 3197 parenthesi
2470 3138 2710 3197 interposita
2747 3139 2896 3195 quibus

194 3202 291 3246 anni
318 3204 574 3261 temporibus
602 3203 729 3247 mella
766 3218 818 3247 ex
856 3204 960 3247 favis
995 3205 1225 3263 promenda
1252 3205 1333 3248 sint
1361 3206 1458 3259 (231
1473 3206 1629 3264 -35),
1665 3213 1754 3250 tum
1784 3207 1951 3250 demum
1982 3214 2301 3260 commemorat,
2342 3214 2495 3263 quanta
2532 3206 2594 3248 ira
2625 3206 2763 3263 copias
2803 3223 2896 3249 suas

194 3283 292 3327 apes
319 3268 544 3313 defendant
562 3271 849 3328 (236—238).
892 3270 979 3315 Sed
1007 3272 1111 3314 haec
1137 3271 1215 3314 etsi
1242 3271 1494 3316 Duebnerus
1523 3273 1582 3315 sic
1610 3273 1746 3330 potius
1774 3274 2085 3331 transponenda
2114 3273 2254 3316 duxit:
2286 3274 2381 3315 230.
2411 3273 2638 3315 236-38.
2670 3273 2893 3316 231-35.

193 3335 277 3379 239
305 3350 390 3392 sq.,
422 3341 561 3378 tamen
590 3337 742 3379 intacta
769 3338 1071 3396 relinquamus:
1109 3345 1266 3381 certum
1293 3345 1433 3382 tamen
1461 3346 1523 3383 est
1551 3340 1777 3397 colligendi
1804 3340 1940 3384 mellis
1969 3347 2188 3398 praecepta
2214 3340 2277 3382 his
2305 3339 2466 3382 absolvi
2497 3347 2536 3382 et
2562 3339 2604 3381 in
2631 3340 2896 3395 sequentibus
