3082 3778
1344 38 1413 44 -.
1537 8 1569 60 5
1691 36 1752 42 ..

203 147 250 183 111
278 141 436 185 laciniis
467 145 712 201 quibusdam
740 157 871 186 novas
900 140 1100 198 quasdam
1126 140 1298 181 carmini
1326 139 1557 181 inlecebras
1577 146 1761 179 attexere
1790 146 2049 180 conarentur.
2107 138 2171 179 Ita
2193 151 2299 193 01100
2329 138 2380 178 (10
2410 139 2559 180 iuvene
2587 137 2802 187 dicuntur,
2833 142 2900 192 qui

203 206 365 281 amoris
387 222 508 252 causa
538 210 772 269 procellosa
796 212 919 250 110010
946 205 1054 248 treta
1080 211 1271 263 pernatat
1297 204 1385 260 (ΠΙ
1412 204 1533 259 263):

1094 307 1173 335 nec
1200 292 1340 335 miseri
1368 298 1541 350 possunt
1568 305 1765 334 revocare
1794 299 1983 350 parentes

869 372 948 402 nec
974 360 1177 426 1110113110
1205 373 1330 418 super
1358 360 1516 402 crudeli
1544 360 1690 401 funere
1720 359 1839 415 virgo

204 459 378 509 possunt
403 468 455 497 ex
484 458 603 510 parte
627 451 681 493 ab
710 447 914 493 eiusmodi
941 447 1098 492 artifice
1126 462 1178 492 ex
1200 449 1309 492 Aen.
1330 448 1396 492 IV
1424 449 1506 492 308
1538 453 1636 491 ‘nec
1667 446 1869 490 moritura
1899 453 2012 489 tenet
2040 446 2197 489 crudeli
2222 448 2366 491 funere
2395 447 2528 491 Dido'
2559 447 2736 490 conflata
2759 446 2901 489 videri.

206 519 275 575 qui
302 532 452 577 parum
480 514 707 568 curaverit,
736 520 937 571 quantum
965 522 1199 558 0011111101110
1229 531 1304 559 5110
1333 522 1373 558 01
1407 531 1432 557 0
1463 514 1604 557 fabula
1633 520 1674 556 et
1701 528 1726 555 a
1755 513 1964 556 communi
1995 527 2117 555 sensu
2147 513 2368 556 aberraret.
2427 513 2536 556 Nam
2578 514 2699 570 virgo
2736 512 2900 569 quidem

201 584 294 639 illa,
325 598 451 641 qnam
479 581 642 625 visurus
671 586 831 624 amator
858 586 971 624 tanta
998 581 1182 639 pericula
1211 581 1373 635 obibat,
1409 595 1487 623 nec
1516 580 1649 638 potuit
1677 593 1754 622 nec
1784 580 1914 622 voluit
1954 593 2048 622 eum
2078 579 2130 621 ab
2170 579 2339 621 audacia
2371 585 2592 622 ‘revocare
2606 582 2624 621 ’.
2684 579 2820 621 Etiam
2852 579 2901 620 (10

202 650 379 695 lectione
406 662 559 706 anceps
588 647 784 691 iudicium
812 654 873 692 est
900 648 924 691 I
952 648 1034 692 333
1062 648 1105 691 in
1136 647 1388 707 tempestatis
1419 646 1715 705 descriptione:

1093 737 1353 794 ingeminant
1379 737 1506 779 austri
1534 742 1576 778 et
1601 735 1867 778 densissimus
1899 735 2053 786 imber⁷

867 807 978 846 nunc
1007 817 1178 847 nemora
1206 802 1364 860 ingenti
1394 809 1540 857 vento,
1570 816 1681 845 nunc
1710 801 1832 844 litora
1860 800 2077 859 plangunt.

201 890 313 933 Nam
342 906 436 933 cum
465 908 672 946 PLANGIT,
710 892 822 948 quod
859 890 1031 935 Servius
1068 892 1192 949 legit,
1238 892 1282 934 in
1326 891 1367 935 R
1409 898 1544 944 extet,
1591 890 1849 948 ‘plangunt',
1897 890 2009 946 quod
2049 889 2152 932 alios
2191 889 2333 945 legere
2372 889 2481 932 idem
2521 898 2712 942 testatur,
2753 890 2797 932 M
2838 891 2900 932 1115

199 956 327 1000 1110115
366 957 595 1011 exhibeatr
618 950 834 1012 PLANGUNT,
871 957 934 1013 (P
963 965 1101 1002 autem
1130 957 1198 1001 hic
1227 957 1386 1015 deest),
1424 963 1597 1015 possunt
1628 957 1748 1000 variis
1779 957 1912 1000 modis
1941 956 2134 1014 componi
2164 963 2235 999 aut
2265 955 2411 999 ‘austri
2443 963 2483 999 et
2514 956 2647 999 imber
2675 956 2900 1013 plangunt’

199 1030 270 1067 aut
306 1023 462 1069 ‘imber
500 1024 681 1083 plangit’
718 1032 789 1068 aut
833 1024 1004 1069 fortiore
1058 1031 1152 1084 post
1198 1024 1372 1068 ‘imber'
1412 1038 1557 1068 vocem
1605 1023 1935 1082 interpunctione
1981 1022 2113 1081 posita
2164 1026 2358 1065 ‘'nemora
2405 1030 2445 1065 et
2498 1022 2618 1065 litora
2664 1022 2900 1081 plangunt,'

198 1091 222 1131 i.
253 1105 287 1133 0.
313 1091 581 1150 planguntur.
639 1091 725 1135 Sed
764 1099 804 1133 et
832 1099 954 1133 vento
993 1092 1120 1133 austri
1150 1099 1190 1133 et
1225 1092 1360 1134 imber
1395 1091 1599 1150 plangere
1628 1106 1779 1133 vereor
1807 1098 1853 1132 ut
1882 1091 1978 1131 satis
2009 1090 2212 1131 concinne
2248 1091 2459 1142 dicantur,
2498 1104 2574 1131 nec
2615 1091 2748 1130 imber
2778 1099 2899 1131 vento

198 1159 332 1215 potius
361 1174 486 1215 quam
516 1165 662 1200 ventus
691 1159 835 1200 imbris
863 1160 1055 1200 fluctibus
1083 1160 1207 1201 ferire
1236 1159 1414 1200 videtur.
1471 1158 1619 1215 Itaque
1647 1172 1844 1200 resonare
1873 1158 1946 1211 (ita
1976 1156 2086 1198 enim
2113 1157 2455 1213 interpretantur)
2476 1164 2701 1198 statuamus
2731 1172 2901 1198 nemora

198 1231 238 1266 et
268 1224 401 1266 litora.
458 1225 520 1266 At
539 1224 690 1266 mirum
719 1231 780 1266 est
807 1225 952 1267 eadem
972 1224 1103 1267 multo
1132 1224 1279 1266 melius
1307 1224 1431 1280 paulo
1451 1231 1545 1281 post
1569 1223 1612 1265 in
1643 1230 1841 1265 venturae
1869 1222 2119 1279 tempestatis
2148 1222 2308 1264 indiciis
2339 1223 2485 1265 referri
2513 1223 2653 1277 (356):
2685 1223 2899 1264 ‘continuo

199 1290 331 1333 ventis
357 1289 620 1347 surgentibus
643 1297 713 1332 aut
743 1290 848 1333 freta
867 1291 983 1349 ponti
1003 1289 1214 1347 Incipiunt
1231 1290 1386 1347 agitata
1404 1296 1633 1333 tumescere
1664 1323 1673 1332 .
1695 1322 1704 1332 .
1727 1322 1736 1332 .
1766 1297 1837 1332 aut
1865 1290 2100 1332 resonantia
2127 1288 2253 1346 longe
2274 1288 2417 1331 Litora
2439 1289 2601 1332 misceri
2623 1298 2662 1332 et
2683 1304 2899 1332 nemorum

197 1356 504 1399 increbrescere
532 1371 720 1399 murmur
731 1358 751 1398 '.
810 1359 900 1400 Aut
936 1356 1064 1414 igitur
1101 1356 1342 1399 brevissimo
1383 1356 1514 1414 spatio
1553 1356 1761 1398 simillima
1802 1356 2084 1413 pronuntiavit
2123 1361 2243 1413 poe'ta
2274 1365 2313 1398 et
2349 1357 2547 1413 optimam
2578 1356 2897 1413 descriptionem

198 1422 305 1464 duro
333 1429 457 1478 atque
483 1422 682 1475 obscuro,
713 1438 795 1478 quo
825 1422 926 1464 nihil
957 1438 1060 1480 opus
1090 1429 1199 1476 erat,
1229 1437 1352 1465 versu
1379 1423 1567 1465 oneravit
1592 1430 1662 1465 aut
1691 1422 2010 1479 interpolatione
2042 1422 2231 1464 foedatus
2263 1431 2335 1463 est.

368 1486 455 1532 Sed
482 1487 698 1531 redeamus
730 1489 839 1531 unde
865 1489 1040 1546 digressi
1068 1505 1231 1542 sumus,
1270 1496 1315 1532 ut
1343 1490 1582 1532 emendatos
1615 1489 1967 1546 interpolatosque
2005 1489 2057 1531 ab
2093 1489 2182 1545 ipso
2214 1489 2406 1544 Vergilio
2438 1489 2550 1531 locos
2580 1500 2779 1545 quantum
2811 1490 2896 1530 fieri

198 1554 350 1611 poterit
378 1553 634 1611 indagemus.
694 1553 802 1599 Sunt
829 1563 967 1599 autem
995 1553 1044 1598 Π
1073 1554 1153 1598 371
1186 1571 1276 1613 sqq.
1305 1555 1426 1599 haec:

865 1644 1069 1686 texendae
1100 1659 1242 1701 saepes
1270 1646 1393 1686 etiam
1423 1653 1463 1686 et
1490 1660 1616 1701 pecus
1647 1660 1771 1686 omne
1799 1645 2046 1703 tenendum,

866 1710 1087 1767 praecipue
1116 1710 1215 1752 dum
1242 1711 1358 1752 frons
1386 1719 1530 1753 tenera
1558 1710 1868 1767 inprudensque
1898 1711 2110 1756 laborum,

867 1776 933 1820 cui
961 1792 1085 1834 super
1112 1776 1305 1835 indignas
1333 1777 1490 1821 hiemes
1519 1776 1732 1834 solemque
1760 1785 1970 1834 potentem

862 1843 1070 1886 silvestres
1095 1844 1159 1886 uri
1187 1843 1358 1886 adsidue
1386 1858 1641 1900 capreaeque
1669 1858 1865 1901 sequaces

742 1909 823 1953 375
867 1909 1081 1965 inludunt,
1108 1917 1333 1968 pascuntur
1362 1925 1460 1954 oves
1489 1909 1718 1968 avidaeque
1746 1910 1956 1954 iuvencae.

865 1976 1045 2034 Frigora
1072 1992 1150 2021 nec
1174 1984 1334 2020 tantum
1363 1993 1466 2021 cana
1494 1985 1687 2021 concreta
1714 1977 1863 2035 pruina

868 2052 937 2086 aut
966 2044 1107 2102 gravis
1136 2044 1378 2087 incumbens
1408 2044 1586 2102 scopulis
1612 2045 1823 2087 arentibus
1854 2053 2006 2089 aestas.

867 2118 1066 2166 quantum
1095 2111 1156 2152 illi
1185 2126 1366 2154 nocuere
1393 2126 1544 2168 greges
1575 2111 1751 2167 durique
1779 2126 1985 2153 venenum

866 2176 998 2218 dentis
1029 2184 1069 2218 et
1097 2177 1150 2218 ad
1179 2192 1364 2219 morsum
1393 2177 1554 2233 signata
1582 2178 1626 2218 in
1655 2177 1781 2234 stirpe
1810 2178 1991 2219 cicatrix.

200 2264 327 2307 Vides
357 2264 501 2307 eadem
529 2263 592 2306 bis
622 2264 783 2306 doceri:
813 2264 1120 2321 prohibendum
1149 2279 1237 2307 esse
1266 2279 1290 2306 a
1318 2272 1462 2307 tenera
1489 2265 1638 2308 fronde
1667 2280 1814 2323 pecus,
1859 2281 1954 2308 nam
1994 2266 2082 2323 ipsa
2122 2266 2267 2308 hiemis
2309 2266 2458 2308 duritia
2498 2267 2677 2323 solisque
2717 2267 2897 2323 potentia

197 2331 330 2389 magis
355 2344 507 2374 nocere
533 2330 751 2373 arboribus
780 2330 962 2373 ferarum
980 2346 1166 2373 morsum
1187 2331 1481 2388 (373-375),
1511 2346 1606 2374 nec
1634 2331 1793 2389 frigora
1821 2339 1981 2374 tantum
2011 2333 2155 2376 obesse
2184 2340 2253 2374 aut
2281 2341 2500 2379 aestatem,
2531 2343 2729 2389 quantum
2755 2333 2897 2375 dentes

196 2412 373 2456 gregum
404 2397 691 2455 (376—379).
758 2397 967 2450 Quoniam
1005 2404 1142 2440 autem
1168 2398 1270 2440 hacc
1299 2397 1429 2440 multo
1460 2398 1619 2440 dulcius
1648 2406 1771 2456 atque
1802 2400 1968 2442 uberius
1996 2400 2130 2442 fluunt
2159 2399 2260 2452 illis,
2299 2413 2383 2441 non
2413 2400 2564 2458 poterit
2594 2400 2764 2441 dubium
2796 2414 2896 2442 0550.

196 2472 289 2508 utra
317 2466 454 2508 minus
483 2465 718 2507 limatorum
748 2464 840 2508 loco
869 2465 1044 2523 supponi
1072 2464 1250 2507 voluerit
1275 2470 1430 2506 auctor.

363 2531 579 2574 Immerito
610 2531 853 2589 Wagnerus
883 2531 1073 2573 reiecisse
1102 2531 1266 2573 videtur
1292 2545 1459 2572 versum
1488 2531 1560 2572 III
1587 2532 1682 2573 219.
1747 2532 1968 2574 Monuerat
1997 2538 2141 2590 poeta,
2171 2547 2292 2591 saepe
2321 2533 2500 2575 feminae
2533 2534 2649 2575 bovis
2680 2534 2895 2575 inlecebris

182 2607 338 2643 tauros
380 2598 434 2641 ad
478 2598 703 2641 certamina
745 2592 1012 2652 inflammari,
1061 2599 1173 2655 quod
1214 2598 1295 2639 iam
1336 2598 1517 2654 imagine
1558 2599 1760 2656 pascentis
1803 2600 1846 2640 in
1890 2599 1979 2642 Sila
2020 2600 2216 2642 iuvencae
2257 2600 2459 2641 inlustrat.
2533 2600 2638 2642 Eam
2688 2602 2756 2642 ubi
2801 2616 2896 2642 con-

160 2663 162 2665 ’
197 2672 422 2723 spexerunt
458 2665 586 2718 tauri,
632 2665 674 2705 in
700 2680 862 2722 pugnas
902 2679 945 2706 se
970 2665 1261 2722 praecipitant:
1295 2664 1406 2720 quod
1437 2679 1562 2720 quam
1592 2666 1725 2707 subito
1760 2666 1855 2719 fiat,
1890 2666 2037 2708 melius
2068 2682 2192 2722 quam
2221 2667 2369 2708 omissa
2402 2668 2514 2707 omni
2550 2667 2696 2724 copula
2727 2668 2893 2722 depingi

196 2746 281 2772 non
308 2733 461 2789 potuit:

866 2820 1068 2878 ‘pascitur
1095 2820 1138 2859 in
1166 2830 1319 2877 magna
1349 2817 1438 2862 Sila
1452 2820 1491 2877 ³²)
1520 2820 1732 2861 formonsa
1758 2821 1951 2863 iuvenca:

864 2887 926 2928 illi
954 2887 1203 2929 alternantes
1232 2887 1362 2928 multa
1392 2888 1433 2927 vi
1462 2887 1620 2944 proelia
1649 2888 1840 2929 miscent'
1871 2903 1905 2929 e.
1938 2904 1977 2945 q.
2009 2904 2039 2929 s.

198 2978 358 3020 Verum
385 2977 428 3018 in
457 2976 722 3036 sequentibus
753 2976 847 3017 vide
870 2990 952 3032 quo
981 2976 1107 3018 modo
1136 2976 1188 3017 ad
1217 2990 1415 3032 equorum
1447 2991 1609 3018 amores
1638 2978 1853 3018 transitum
1883 2987 2011 3035 paret.
2052 2978 2187 3019 Docet
2208 2980 2339 3031 0111111,
2367 2980 2504 3020 01111110
2533 2980 2726 3020 animalia
2755 2994 2896 3021 amore

195 3044 239 3084 in
267 3044 452 3086 furorem
480 3043 635 3101 abripi,
666 3041 866 3100 exemplis
895 3042 1065 3085 leaenae
1088 3058 1281 3085 ursorum
1309 3043 1399 3101 apri
1419 3043 1538 3100 tigris
1568 3044 1649 3085 suis
1679 3045 1917 3097 hominum,
1947 3054 2042 3087 ante
2064 3060 2207 3087 omnes
2238 3061 2337 3087 vero
2363 3046 2566 3102 insignem
2587 3061 2674 3087 esse
2695 3061 2895 3102 equarum

300 3300 331 3340 ‘)
379 3311 456 3333 51111
480 3302 527 3341 Β,
556 3303 665 3344 Asper
694 3306 775 3343 114,
802 3304 845 3335 28
881 3304 1096 3345 (quamquam
1121 3304 1156 3335 in
1184 3304 1314 3336 schedis
1341 3305 1459 3337 ‘silva’
1484 3306 1629 3346 legitur),
1664 3306 1757 3337 ·alii'
1795 3308 1883 3348 apud
1913 3307 2064 3340 Servium
2098 3310 2149 3344 [cs.
2176 3310 2258 3339 Aen.
2284 3309 2345 3340 XII
2376 3311 2452 3340 715.
2485 3311 2541 3341 ubi
2571 3320 2669 3341 suu
2696 3310 2746 3343 R).
2798 3310 2893 3340 51111

378 3359 413 3390 Μ
440 3367 540 3390 mvn
566 3358 606 3397 P,
637 3360 825 3393 Arusianus
853 3360 998 3394 Messius
1021 3370 1051 3391 v,
1076 3365 1192 3402 pastus
1218 3371 1250 3402 p.
1277 3362 1354 3393 251.
1381 3362 1430 3401 L..
1458 3362 1604 3396 Servius.
