3082 3778
179 144 241 180 est
278 145 324 180 ut
363 139 499 181 tritica
543 139 673 182 dicat'
712 147 896 196 arguunt
933 154 1020 183 non
1056 154 1179 197 posse
1225 148 1321 197 post
1358 156 1514 184 annum
1554 141 1636 183 719
1665 140 1863 198 scriptum
1905 155 2032 195 esse,
2056 143 2255 198 quoniam
2299 149 2445 186 auctor
2484 142 2590 188 eius⁴
2613 141 2802 188 mortuus
2841 143 2896 189 nit
2926 146 2939 172 ‘²

178 201 250 246 Ol.
282 203 387 257 186,
417 205 464 257 2,
495 204 519 245 i.
551 218 586 246 e.
627 204 780 259 719s20
820 220 859 247 u.
887 220 937 258 c.,
977 205 1021 248 id
1059 212 1145 248 tam
1184 212 1296 250 recte
1334 206 1490 250 dictum
1526 213 1608 259 est,
1652 212 1698 248 ut
1734 219 1789 248 ne
1825 206 2122 263 georgicorum
2161 207 2330 264 quidem
2366 222 2535 252 versum
2570 209 2596 252 I
2632 209 2717 253 210
2751 208 2895 254 ‘serite
2945 224 2951 230 ·
3009 234 3014 242 ·
3067 222 3078 233 ¹

177 268 339 312 hordea
367 270 544 329 campis'
574 270 765 314 videatur
794 277 1015 329 expectare
1043 271 1237 316 debuisse
1256 273 1511 317 obtrectator
1534 272 1620 315 ille.
1679 270 1792 314 Nam
1819 272 1950 315 multo
1980 279 2076 316 ante
2103 272 2147 314 in
2176 272 2252 316 ecl.
2271 273 2322 327 5,
2338 273 2393 317 36
2421 273 2642 332 scripserat
2659 274 2894 334 Vergilius:

178 336 380 391 ‘grandia
408 350 532 393 saepe
562 337 712 392 quibus
742 337 1037 382 mandavimus
1064 339 1223 381 hordea
1252 339 1407 380 sulcis'.
2488 336 2495 341 ⁴
2839 333 2842 337 ’

347 401 532 445 Gravius
562 409 622 444 est
651 403 766 459 quod
794 403 1180 446 animadverterunt
1208 404 1299 457 alii,
1332 404 1466 447 inesse
1485 404 1528 445 in
1556 404 1778 462 georgicis,
1808 418 1914 461 quae
1933 411 2027 463 post
2046 404 2181 462 ipsum
2199 419 2355 447 annum
2376 399 2460 447 724
2481 404 2635 462 scripta
2662 405 2894 450 videantur.

178 467 288 510 Nam
326 468 400 509 etsi
440 483 608 524 pugnae
636 469 837 511 Actiacae
876 469 974 512 Indi
1019 470 1253 511 interfuisse
1291 470 1485 512 dicuntur
1523 470 1576 511 ab
1613 471 1703 530 ipso
1742 470 1931 528 Vergilio
1969 472 2096 525 (Aen.
2133 469 2249 512 VIII
2289 471 2408 527 705):
2449 470 2606 512 ‘omnis
2644 484 2694 513 eo
2732 477 2894 516 terrore

178 534 405 590 Aegyptus
434 541 475 575 et
502 533 622 586 Indi,
653 534 805 577 Omnis
835 537 997 588 Arabs,
1038 550 1182 578 omnes
1211 536 1428 577 vertebant
1465 520 1585 593 tetka
1616 533 1812 589 Sabaei',
1850 543 1989 578 tamen
2032 551 2139 594 quae
2178 537 2376 594 leguntur
2409 551 2477 595 ge.
2506 536 2556 579 ΙΙ
2594 536 2698 579 170:
2739 540 2803 579 ‘et
2838 545 2893 592 te,

177 614 374 641 maxume
404 599 586 654 Caesar,
625 600 710 653 Qui
741 618 852 644 nune
891 602 1087 646 extremis
1117 602 1246 644 Asiae
1284 602 1367 643 iam
1394 602 1528 643 victor
1556 602 1598 643 in
1639 602 1722 644 oris
1759 602 1967 645 Inbellem
2005 604 2157 646 avertis
2185 603 2385 646 Romanis
2423 603 2587 647 arcibus
2615 602 2772 646 Indum
2782 604 2805 657 ',
2843 618 2895 646 ea

177 665 310 707 videri
340 665 499 722 possint
537 666 663 723 paulo
702 668 825 709 etiam
866 668 1014 710 melius
1050 668 1123 709 ad·
1143 667 1289 710 foedus
1326 682 1437 709 anno
1476 668 1559 709 734
1599 682 1694 709 cum
1732 667 1852 709 Indis
1885 667 2014 709 ictum
2053 667 2272 725 quadrare.
2331 669 2388 712 Et
2424 669 2542 727 quasi
2578 668 2719 712 divina
2753 662 2894 712 mente

177 731 353 774 adflatus
383 731 615 776 distinctius
654 734 778 777 etiam
809 733 955 777 cecinit
982 741 1098 776 vates
1135 748 1202 776 res
1242 733 1390 776 eodem
1417 748 1528 775 anno
1564 739 1704 790 gestas
1731 747 1799 790 ge.
1826 732 1920 787 ΙΠ,
1951 734 2006 776 26
2035 749 2149 790 sqq.:
2179 735 2243 777 ‘in
2282 735 2439 778 foribus
2465 750 2662 794 ,pugnam
2700 750 2753 779 ex
2788 749 2892 777 auro

178 797 396 855 solidoque
416 799 640 856 elephanto
662 793 955 857 Gangaridum
976 799 1125 841 faciam
1144 799 1394 855 victorisque
1416 814 1533 840 arma
1553 797 1733 853 Quirini,
1760 799 1905 855 Atque
1924 799 1991 840 hic
2010 799 2235 842 undantem
2257 802 2368 845 bello
2386 795 2670 860 magnumque
2695 801 2894 845 fluentem

178 865 325 908 Nilum
355 881 404 908 ac
432 866 571 908 navali
602 866 809 922 surgentis
839 880 936 908 aere
965 865 1193 908 columnas.
1253 865 1423 907 Addam
1446 865 1571 907 urbes
1599 865 1726 907 Asiae
1757 865 1933 907 domitas
1961 866 2211 922 pulsumque
2230 865 2443 923 Niphaten
2462 867 2765 925 Fidentemque
2792 866 2894 925 fuga

179 932 384 976 Parthum
414 932 627 988 versisque
654 932 834 989 sagittis,
864 931 920 974 Et
948 931 1032 974 duo
1062 937 1181 988 rapta
1210 946 1336 974 manu
1369 931 1535 975 diverso
1564 946 1617 974 ex
1646 931 1765 974 hoste
1784 938 1969 989 tropaea
1996 931 2154 989 Bisque
2180 931 2455 989 triumphatas
2484 940 2662 991 utroque
2689 925 2743 977 ab
2771 933 2893 977 litore

176 999 313 1054 gentis
324 1000 345 1040 ’.
406 998 533 1041 Certe
553 1014 637 1040 non
666 999 849 1055 apertius
869 998 921 1041 de
948 998 1030 1040 hoc
1053 1005 1242 1055 tempore
1262 1005 1407 1054 postea
1427 999 1513 1054 egit
1532 998 1775 1054 Propertius
1795 997 1868 1039 HI
1903 998 1978 1051 10,
2014 999 2066 1040 13
2097 1013 2187 1054 sqq.
2217 998 2282 1040 IV
2312 1000 2361 1051 4,
2394 1000 2415 1040 1
2447 1014 2538 1056 sqq.
2569 1001 2611 1042 V
2638 1002 2686 1054 6,
2718 1002 2769 1043 77
2800 1016 2890 1058 sqq.

179 1063 266 1107 Sed
292 1071 432 1106 tamen
463 1064 551 1106 Nili
580 1065 792 1106 mentione
821 1064 930 1106 inter
957 1064 1088 1106 Indos
1118 1064 1382 1120 Parthosque
1410 1063 1624 1106 interiecta
1652 1078 1893 1117 monemur,
1919 1078 1973 1106 ne
2002 1063 2276 1106 confidentius
2306 1078 2526 1120 negemus,
2556 1066 2739 1122 potuisse
2768 1066 2891 1109 etiam

177 1130 372 1172 incohata
399 1137 560 1172 tantum
586 1130 919 1187 magnificentius
949 1136 990 1172 et
1015 1137 1060 1172 ut
1088 1130 1247 1173 maiora
1275 1137 1553 1186 auguraretur
1580 1134 1747 1187 poe’tam
1776 1143 1992 1172 exornare.

346 1196 639 1238 Demonstrari
665 1197 794 1253 igitur
821 1197 943 1239 certis
969 1204 1093 1253 atque
1122 1196 1361 1239 indubitatis
1385 1196 1643 1254 argumentis
1671 1196 1743 1237 vix
1768 1202 1924 1253 potest,
1953 1195 2190 1252 Vergilium
2216 1197 2258 1238 in
2287 1197 2411 1239 rebus
2439 1197 2586 1240 aetatis>
2608 1211 2708 1240 suae
2736 1198 2892 1254 signifi-

178 1263 330 1305 candis*
351 1263 459 1304 ultra
487 1278 644 1304 annum
676 1263 759 1305 724
797 1263 997 1320 progredi
1034 1262 1225 1305 voluisse.
1275 1261 1361 1306 Sed
1382 1270 1519 1305 tamen
1546 1263 1796 1320 expoliendo
1827 1262 2000 1305 carmini
2021 1262 2145 1304 etiam
2174 1268 2317 1319 postea
2346 1277 2516 1319 operam
2544 1263 2724 1305 navavit.
2779 1262 2892 1306 Nam

179 1329 360 1387 primum
392 1328 508 1371 Galli
538 1328 703 1382 laudes,
745 1344 847 1385 quas
890 1336 1037 1386 quarto
1068 1329 1175 1371 libro
1214 1330 1442 1384 cecinerat,
1486 1345 1581 1372 cum
1619 1330 1671 1372 de
1699 1329 2012 1387 Aegyptiorum
2048 1342 2147 1386 apes
2184 1329 2431 1387 procreandi
2468 1336 2557 1372 arte
2594 1335 2759 1387 ageret,
2799 1337 2893 1388 post

178 1413 335 1439 annum
365 1396 446 1438 728
486 1396 655 1438 iubente
691 1397 886 1452 Augusto
915 1397 1069 1440 delevit
1097 1412 1323 1453 earumque
1352 1397 1395 1438 in
1425 1398 1563 1439 locum
1593 1396 1755 1454 Orphei
1794 1396 1978 1439 fabulam
2014 1395 2219 1453 copiosius
2249 1397 2468 1439 enarravit.
2527 1396 2654 1449 Quod
2693 1412 2788 1440 cum
2826 1397 2891 1440 bis
2951 1415 2953 1417 ·

179 1470 351 1506 testetur
381 1461 554 1507 Servius
580 1463 652 1519 [in
682 1463 757 1504 ecl.
788 1462 831 1505 X
866 1464 885 1504 1
918 1470 958 1506 et
996 1478 1063 1520 ge.
1094 1464 1180 1505 init.
1210 1463 1319 1506 conl.
1361 1464 1469 1507 vitae
1498 1466 1535 1519 ξ.
1565 1462 1717 1522 38·)],
1754 1478 1830 1506 nec
1860 1462 1948 1505 ulla
1976 1477 2027 1505 ex
2060 1468 2176 1520 parte
2205 1463 2486 1520 probabilitati
2510 1462 2894 1522 repugnet,'teme-

180 1531 311 1572 rarius
342 1530 393 1572 sit
424 1530 493 1586 qui
525 1545 600 1587 pro
619 1530 999 1586 ‘grammaticorum
1039 1538 1273 1573 commento
1303 1531 1458 1573 habere
1487 1546 1614 1588 quam
1644 1532 1752 1573 bona
1777 1530 1860 1572 fide
1894 1529 2064 1572 credere
2097 1529 2224 1571 malit.
2282 1530 2390 1573 Item
2426 1530 2480 1573 ad
2522 1531 2546 1573 I
2574 1531 2630 1573 69
2666 1545 2729 1589 sq.
2769 1529 2889 1583 (ι’ῑέἰο,
2929 1580 2931 1582 ,

180 1598 371 1654 officiant
400 1598 518 1638 laetis
546 1612 598 1638 ‘ne
615 1597 824 1654 fmyibas
852 1597 1022 1648 herbae,
1052 1597 1159 1648 Hic,
1190 1597 1369 1639 sterilem
1397 1599 1574 1654 emiquus
1592 1613 1643 1640 ne
1672 1590 1835 1640 deserat
1862 1612 1981 1638 umor
2009 1595 2231 1638 harenam’
2263 1603 2324 1639 est
2343 1595 2480 1640 Servii
2511 1597 2722 1640 adnotatio
2752 1597 2891 1640 lacera

180 1679 297 1716 sane,
339 1664 412 1706 sed
442 1678 549 1720 quae
578 1671 723 1719 tament
749 1663 945 1705 facillime
976 1663 1134 1722 restitui
1173 1663 1323 1720 possit:
1364 1664 1512 1720 ‘ipsius
1542 1679 1669 1705 manu
1706 1663 1854 1705 adiecti
1890 1669 1987 1705 sunt
2025 1662 2170 1704 deletis
2207 1663 2392 1717 duobus,
2432 1677 2612 1720 quorum
2639 1663 2746 1705 alter
2780 1657 2890 1705 totus

179 1731 262 1787 legi
293 1730 413 1789 [non]
443 1730 596 1788 potuit:
637 1730 727 1771 illic
764 1729 955 1785 officiant
991 1738 1140 1785 seyetes
1180 1745 1231 1771 ne
1253 1730 1461 1786 fraqibus
1496 1730 1605 1782 illas,-
1645 1744 1697 1772 ex
1727 1729 1859 1771 altero
1896 1729 1977 1771 hoc
2004 1735 2184 1770 tantum:
2222 1744 2273 1771 ne
2308 1729 2471 1772 deserat
2498 1729 2645 1773 humor
2681 1730 2888 1772 arenam'.

177 1797 454 1840 Emendatam
476 1796 641 1853 Vergili
670 1811 841 1837 manum
870 1802 1085 1853 praeterea
1117 1795 1210 1837 libri
1240 1797 1370 1838 nostri
1399 1802 1619 1839 servarunt
1647 1796 1690 1838 in
1719 1795 1766 1838 Π
1792 1796 1895 1839 225:
1937 1798 1999 1838 ‘et
2028 1794 2164 1838 vicina
2185 1795 2347 1838 Vesaeo
2381 1795 2471 1839 Ora
2500 1795 2630 1853 iuqo',
2668 1795 2740 1839 ubi
2768 1801 2889 1839 antea

179 1864 314 1906 ‘Nola
343 1864 458 1921 iuqo’
489 1864 735 1905 recitaverat
763 1871 887 1920 atque
911 1862 1097 1904 ediderat
1116 1866 1239 1919 poe‘ta
1258 1868 1361 1904 teste
1380 1862 1638 1922 Philargyro
1668 1875 1802 1919 eoque
1821 1861 2139 1915 commentario,
2168 1875 2293 1918 quem
2312 1862 2518 1921 excerpsit
2537 1861 2702 1906 Gellius
2726 1861 2795 1905 VI
2820 1862 2889 1905 20.

176 1931 287 1973 Nam
327 1932 452 1972 fuisse
487 1945 532 1972 re
572 1945 671 1972 vera
709 1930 893 1987 priorem
930 1929 1046 1970 illam
1086 1929 1306 1970 lectionem
1348 1929 1391 1969 in
1429 1929 1659 1985 archetypo
1695 1943 1773 1985 pro
1811 1935 1925 1970 certo
1963 1935 2106 1981 teneo,
2146 1943 2312 1981 causae,
2353 1943 2436 1985 qua
2471 1933 2684 1986 permotus
2712 1928 2889 1971 Nolanis

176 1998 530 2039 immortalitatem
551 1996 751 2053 eripuisse
771 2002 982 2047 narratur,
1003 1995 1139 2036 minus
1163 1995 1361 2036 curiosus.
1406 1994 1733 2050 Perstringimus
1753 2000 1901 2035 cetera.
1945 1994 1969 2035 I
1998 1994 2023 2035 6
2054 1997 2150 2035 ‘vos
2159 2025 2170 2048 ,
2200 1986 2474 2036 o'clarissima
2500 1993 2646 2036 mundi
2667 1993 2888 2048 Lumina'3

176 2065 232 2106 ita
260 2064 402 2107 MPR
431 2065 473 2119 (i.
506 2079 541 2105 e.
569 2062 782 2105 Mediceus
812 2061 1026 2103 Palatinus
1056 2061 1302 2116 Romanus),
1333 2059 1527 2103 Servius:
1558 2060 1755 2102 ‘lumina
1783 2061 1959 2101 numina
1988 2059 2085 2113 fuit,
2105 2057 2188 2101 'sed
2217 2060 2453 2103 emendavit
2482 2061 2592 2118 ipse,
2621 2061 2719 2117 quia
2745 2066 2890 2119 postea

174 2131 252 2173 ait:
294 2140 330 2173 et
366 2146 434 2173 vos
471 2137 680 2186 ayrestwm
712 2120 954 2184 praesentia
994 2129 1169 2170 numina
1203 2127 1349 2170 Fauni
1358 2128 1389 2179 ’3
1428 2127 1452 2169 I
1482 2128 1535 2170 13
1575 2129 1724 2183 ‘tuque
1764 2141 1812 2179 o,
1852 2126 1919 2169 cui
1956 2126 2091 2183 prima
2118 2125 2367 2169 frementem
2395 2126 2528 2170 Fudit
2562 2142 2705 2184 equom
2731 2141 2887 2184 magno

175 2197 298 2239 tellus
334 2210 529 2253 percussa
565 2193 754 2236 tridenti'
785 2193 927 2236 MPR
956 2200 997 2236 et
1032 2192 1219 2247 Probus;
1260 2192 1456 2237 Servius:
1498 2193 1635 2250 ‘fudit
1671 2208 1818 2250 equum
1846 2208 1900 2235 m.
1931 2201 1956 2234 t.
1984 2208 2027 2248 p.
2061 2201 2087 2234 t.
2117 2192 2391 2249 antiquissimi
2428 2192 2547 2246 libri;
2574 2191 2701 2255 fudit
2732 2207 2889 2250 aquam

177 2262 367 2322 plerique.
397 2262 633 2305 habuerunt
676 2293 684 2302 .
717 2293 726 2302 .
757 2293 766 2302 .
799 2293 807 2301 .
847 2260 921 2303 sed
957 2260 1107 2303 melius
1147 2276 1316 2318 equum,
1355 2265 1527 2318 propter
1564 2264 1763 2302 armenta.
1801 2257 1870 2317 [in
1899 2265 2112 2302 correcto:
2150 2274 2321 2317 equum,
2353 2259 2397 2301 in
2425 2258 2688 2304 authentico:
2718 2274 2887 2318 aquam,

175 2331 302 2387 ipsius
332 2344 481 2371 manu:
521 2326 728 2385 equum]'.
795 2326 819 2368 I
855 2327 909 2368 66
950 2327 1227 2383 ‘glaebasque
1263 2326 1433 2369 iacentis
1458 2325 1759 2369 Pulverulenta
1794 2332 1945 2381 coquat
1983 2326 2161 2368 maturis
2197 2325 2351 2368 solibus
2375 2325 2531 2369 aestas'
2559 2324 2672 2379 MP,
2710 2326 2889 2372 mama-ia

163 2396 370 2454 fmyibus
399 2395 460 2448 R3
492 2393 686 2437 Servius:
717 2392 866 2450 ‘ipsius
896 2406 1023 2433 manu
1053 2392 1262 2449 adjectum
1290 2393 1468 2435 mamm
1496 2390 1690 2445 solibus',
1719 2396 1766 2433 ut
1793 2390 1908 2448 quod
1935 2390 2050 2448 prius
2079 2391 2300 2449 scripserat
2330 2390 2569 2450 ‘frayibus’
2599 2396 2743 2450 postea
2770 2404 2887 2450 repe—

172 2464 327 2505 titionis
350 2474 397 2504 v:
409 2462 464 2504 69
492 2460 710 2503 evitandae
740 2474 864 2501 eausa
892 2458 1122 2501 correxisse
1152 2458 1342 2501 videatur
1359 2457 1586 2517 Vergilius.
1634 2456 1684 2500 II
1703 2457 1788 2500 344
1816 2456 1979 2500 ‘sinon
2011 2463 2125 2503 tanta
2153 2456 2270 2516 quies
2288 2457 2367 2501 iret
2384 2458 2615 2517 friqusque
2631 2457 2888 2518 caloremque

172 2531 311 2572 Inter'
342 2529 438 2571 MR
466 2535 506 2571 et
535 2528 700 2569 Nonius
730 2527 835 2580 200,
860 2527 887 2568 3
917 2526 1023 2579 310,
1050 2526 1105 2567 32
1134 2525 1239 2579 326,
1267 2526 1342 2579 11;
1381 2525 1455 2568 sed
1484 2524 1785 2582 Philargyrus:
1820 2523 1920 2565 ‘fuit
1948 2530 2086 2567 autem
2114 2525 2232 2582 prior
2257 2524 2402 2567 lectio:
2421 2524 2651 2583 frey-usque
2680 2524 2885 2584 calorque,

173 2606 217 2638 ut
246 2596 438 2638 Plautus:
472 2609 597 2651 neque
615 2593 778 2650 frz'qas,
810 2608 939 2649 neque
967 2591 1083 2634 calor
1113 2600 1244 2633 metuo
1273 2607 1403 2649 neque
1431 2600 1594 2634 ventum
1625 2606 1753 2650 neque
1779 2589 2029 2646 qrandinem
2042 2590 2123 2646 ¹⁸¹⁴¹),
2154 2591 2274 2633 aliter
2293 2591 2586 2649 hypermetrus
2606 2606 2750 2635 versus
2778 2591 2885 2634 erit'.

805 2689 827 2705 U

278 2829 309 2869 “)
358 2830 474 2861 Priore
501 2834 533 2861 et
562 2830 661 2861 tertio
688 2829 759 2861 loco
787 2829 1018 2869 neglegentius
1045 2829 1219 2860 Aristaeus
1247 2837 1307 2870 pro
1332 2827 1464 2870 Orpheo
1499 2827 1641 2866 dicitur,
1677 2827 1781 2860 altero
1812 2831 1993 2870 utrumque
2027 2837 2147 2862 nomen
2179 2831 2214 2862 in
2246 2830 2318 2863 cod.
2343 2830 2443 2863 Voss.
2467 2829 2605 2870 legitur:
2644 2829 2735 2861 ‘nam
2768 2827 2885 2862 laudes

358 2888 447 2919 Galli
474 2888 592 2918 habuit
616 2887 711 2917 locus
735 2886 812 2927 ille,
838 2887 897 2928 qui
923 2896 1012 2917 nunc
1037 2882 1214 2930 [Aristaei]
1240 2886 1365 2926 Orphei
1390 2887 1539 2916 continet
1562 2885 1739 2916 fabulam'.

263 2947 311 2984 ·⁸)
361 2947 572 2985 Quamquam
592 2946 704 2976 Plauti
729 2955 881 2980 versum,
907 2945 966 2984 qui
993 2949 1042 2974 est
1060 2945 1157 2974 Mem.
1173 2945 1203 2974 V
1220 2945 1256 2981 2,
1283 2945 1341 2980 12,
1368 2943 1571 2973 Ritschelius
1597 2945 1698 2973 etiam
1724 2944 1996 2984 interpunctione
2022 2943 2281 2985 discerpendum
2300 2954 2373 2976 esse
2397 2946 2533 2982 statuit,
2560 2948 2598 2975 ut
2622 2943 2702 2975 haec
2726 2943 2886 2977 evadant:

356 3002 475 3043 ‘ne'que
493 3002 579 3033 mihi
606 3004 674 3034 ulla
696 3005 829 3042 opsistet
849 3004 960 3033 amnis
985 3010 1045 3032 nec
1066 3011 1162 3031 mons
1186 3010 1288 3041 neque
1313 3000 1395 3031 adeo
1415 3010 1509 3031 mare
1533 3000 1596 3032 Ne‘c
1615 3002 1706 3031 calor
1720 3010 1790 3032 *nec
1803 3001 1933 3040 friyus:
1958 3005 2068 3033 metuo
2089 3012 2192 3042 neque
2205 3006 2347 3038 pentum
2365 3012 2469 3043 mque
2485 3001 2705 3044 prandium:
2727 2997 2886 3034 'mmm

353 3061 538 3101 perpetiar,
565 3058 714 3096 laborem
737 3059 914 3100 sufferam,
940 3059 1058 3097 solem,
1090 3056 1221 3096 sitim';
1252 3057 1286 3088 in
1313 3056 1437 3097 quibus
1462 3048 1581 3089 tertius
1606 3065 1741 3097 versus,
1776 3060 1814 3090 ut
1838 3058 1897 3098 qui
1920 3061 2051 3099 praeter
2077 3055 2205 3091 ‘sitim'
2235 3057 2444 3091 tolerandam
2468 3056 2553 3090 nihil
2576 3058 2658 3090 novi
2679 3057 2886 3099 profiteatur,

355 3125 471 3148 vereor
495 3125 535 3148 ne
561 3117 649 3147 inter
672 3116 873 3155 glossemata
897 3115 1089 3147 referendus
1115 3115 1176 3153 sit,
1203 3114 1244 3145 de
1270 3114 1394 3154 quibus
1420 3118 1530 3144 actum
1555 3113 1590 3145 in
1616 3113 1718 3154 praef.
1743 3123 1777 3155 p.
1801 3114 1877 3146 vn.
1924 3114 1975 3145 De
2000 3114 2141 3155 reliquis
2166 3119 2277 3147 autem
2302 3114 2503 3148 sententiam
2536 3113 2791 3150 eoncedendum
2819 3106 2887 3148 crit

355 3175 605 3206 concinniorem
631 3174 727 3204 reddi
753 3174 801 3204 sic
825 3175 899 3214 ipso
925 3173 1091 3212 Scaligero
1117 3174 1251 3202 auctore
1276 3173 1547 3210 pronuntiatam:
1577 3170 1695 3211 ‘ne‘que
1718 3172 1802 3201 milii
1834 3172 1905 3201 uua
1930 3172 2063 3211 opeistet
2086 3173 2198 3203 amni-5
2221 3182 2280 3203 nec
2312 3180 2409 3203 mom
2431 3180 2534 3213 noque
2564 3171 2646 3203 adeo
2669 3179 2784 3204 mm.-
2815 3170 2885 3205 Nee

352 3233 443 3263 calor
474 3241 533 3262 nec
566 3231 679 3270 frique
714 3234 842 3269 metuo,
879 3240 983 3271 neque
1014 3234 1149 3261 ventum
1178 3240 1280 3271 neque
1303 3229 1540 3271 yrandinem':
1579 3227 1680 3260 modo
1712 3236 1754 3259 ne
1787 3227 1930 3259 absurde
1969 3236 1988 3258 a
2020 3229 2188 3260 veteribus
2226 3228 2450 3269 grammaticis
2483 3232 2603 3260 neutro
2634 3236 2754 3269 genero
2784 3236 2885 3261 usur-

352 3291 464 3329 patam
496 3296 611 3318 vocem
638 3286 762 3318 ‘calor'
789 3286 969 3319 admissam
1003 3296 1074 3319 esse
1099 3286 1356 3319 demonstretur.
1395 3286 1534 3318 Interim
1560 3284 1772 3316 simillimum
1797 3284 1989 3326 exemplum
2014 3286 2208 3327 suppeditat
2236 3286 2429 3318 Priscianus
2452 3295 2486 3327 p.
2507 3286 2574 3317 658
2601 3284 2639 3317 Ρ.
2664 3283 2739 3317 ‘hie
2767 3288 2801 3318 st
2820 3285 2886 3318 hoo

351 3344 483 3386 liquor'.
2638 3385 2666 3402 'Q
