3082 3778
518 0 545 21 V
1006 0 1009 2 ’
1343 0 1366 26 '0
1697 0 1701 2 ’
1730 0 1733 1 ’
1757 0 1997 22 ··θ···’ῑ·’Υ“τξ·(πᾞῑ’-κ
2022 10 2024 12 ,
2049 7 2071 14 a«

1104 50 1520 103 -6-

0 192 146 220 rorem.
208 178 296 222 Sed
336 179 434 220 huic
473 180 611 221 ordini
647 179 784 221 aliena
825 179 954 221 inlata
991 186 1099 222 sunt.
1158 180 1289 224 Facta
1326 181 1436 223 enim
1475 180 1693 223 hominum
1731 183 1942 224 mentione
1981 182 2258 239 (258—263)
2295 199 2440 228 rursus
2475 185 2531 227 ad
2560 186 2669 228 feras

0 245 215 301 pellimur,
253 252 298 287 ut
326 246 474 302 lynces
500 246 622 302 lupos
651 259 774 287 canes
804 259 951 306 cervos
981 246 1131 289 eodem
1163 248 1299 290 studio
1329 247 1462 290 teneri
1491 247 1696 289 discamus
1726 248 1828 302 (264
1862 250 1955 303 sq.).
2015 248 2142 299 Quod
2181 263 2277 290 cum
2314 250 2557 294 brevissime
2583 252 2669 304 fiat,

0 327 33 352 »n
65 311 347 368 intellegitur,
388 327 464 353 cur
492 326 575 353 non
606 317 700 368 post
738 310 823 352 suis
862 311 1077 354 saevitiam
1116 314 1396 369 (255—257)
1432 313 1612 370 positum
1649 313 1834 355 ferarum
1871 313 2225 356 enumerationem
2263 306 2525 358 concluserit.¹
2582 315 2669 361 Sed

0 385 76 420 stat
103 377 230 420 aliud.
288 378 400 421 Nam
429 377 536 420 illud
566 391 737 434 quoque
765 378 919 421 mirum
950 378 1135 431 videtur,
1162 380 1374 423 cur-inter
1401 380 1490 437 ipsa
1519 378 1732 437 exempla,
1767 394 1792 421 a
1820 379 1970 436 quibus
1999 379 2051 422 ad
2090 394 2294 437 equorum
2329 381 2489 424 animos
2525 384 2671 426 transi-

0 460 66 487 rus
106 452 190 498 est,
239 445 392 487 horum
429 444 617 501 ipsorum
656 438 884 501 imaginem
933 444 1016 487 iam
1055 445 1192 487 statim
1231 446 1510 489 intermisceat
1547 436 1864 503 (wo—234),
1909 461 2003 489 cum
2050 452 2189 489 tamen
2225 452 2369 504 postea
2407 446 2515 501 (266
2553 450 2671 506 sqq.)
2975 490 3037 503 „x
3065 488 3068 493 ,

0 530 2 548 ae
41 510 198 553 eisdem
232 510 378 554 eadem
413 510 502 552 fere
535 516 690 553 narret.
745 510 803 553 Ni
841 511 994 552 mirum
1028 511 1255 553 turbarunt
1281 512 1403 554 amici
1438 511 1815 555 additamentorum
1849 512 2061 566 ordinem,
2104 527 2209 569 quae
2245 511 2303 555 sic
2337 512 2472 570 potius
2507 512 2671 570 disponi
2926 511 2930 515 ⁴
3039 502 3076 563 ’ἢ

0 578 179 620 bebant:
2301 573 2303 575 μ
2941 586 2952 588 ”
2972 585 3014 604 '²
3047 568 3079 620 ³33

508 699 591 742 242
637 713 762 742 omne
790 697 895 741 adeo
923 712 1057 755 genus
1087 697 1130 739 in
1156 698 1278 742 terris
1312 698 1614 755 hominumque
1643 699 1910 755 ferarumque

632 771 672 809 et
700 779 834 821 genus
863 777 1141 820 aequoreum,
1170 764 1351 822 pecudes
1381 764 1596 822 pictaeque
1626 764 1817 808 volucres

626 831 669 874 in
698 830 826 874 furias
856 830 1081 888 ignemque
1108 836 1246 873 ruunt.
1303 830 1442 874 Amor
1470 830 1663 874 omnibus
1692 829 1813 874 idem.

630 898 841 955 Tempore
869 910 956 940 non
984 896 1066 939 alio
1096 897 1330 940 catulorum
1360 897 1488 940 oblita
1511 897 1657 940 leaena
2914 943 2919 948 ,
3024 923 3028 953 1
3066 926 3074 945 a

629 964 792 1005 saevior
821 963 975 1005 erravit
1004 964 1183 1021 campis,
1213 976 1290 1006 nec
1320 964 1467 1006 funera
1497 963 1624 1022 volgo

628 1040 714 1084 tam
740 1031 872 1071 multa
900 1031 1101 1071 informes
1131 1031 1216 1071 ursi
1245 1038 1511 1087 stragemque
1542 1031 1695 1072 dedere
3038 1015 3053 1060 l

627 1113 703 1156 per
731 1098 879 1145 silvas,
909 1104 999 1138 tum
1027 1111 1173 1138 saevos
1203 1112 1330 1154 aper,
1361 1105 1450 1138 tum
1476 1096 1655 1154 pessima
1687 1097 1827 1154 tigris,
3042 1073 3077 1145 ⁸¹¹}-

505 1166 588 1207 2—19
634 1165 717 1206 heu
746 1165 856 1206 male
883 1170 972 1204 tum
1001 1163 1163 1220 Libyae
1193 1164 1291 1205 solis
1322 1171 1484 1205 erratur
1506 1164 1552 1204 in
1582 1164 1708 1219 agris.
2972 1163 2974 1165 ’
3066 1142 3081 1171 Ξ

503 1231 587 1274 255
631 1230 729 1287 Ipse
755 1230 838 1274 ruit
867 1229 1093 1285 dentesque
1125 1228 1357 1273 Sabellicus
1387 1228 1551 1272 exacuit
1580 1246 1674 1282 suS,

630 1306 670 1340 et
698 1296 805 1355 pede
839 1295 1072 1354 prosubigit
1102 1304 1279 1350 terram,
1310 1295 1430 1338 fricat
1458 1296 1609 1339 arbore
1636 1303 1792 1348 costas,
3002 1319 3010 1341 ς
3059 1286 3067 1306 ³

507 1364 588 1408 257
635 1372 759 1421 atque
789 1363 887 1406 hinc
916 1369 1040 1420 atque
1068 1362 1184 1406 illinc
1215 1377 1380 1406 umeros
1409 1362 1463 1405 ad
1493 1361 1666 1406 volnera
1699 1363 1833 1406 durat.

505 1431 590 1474 264
633 1429 776 1484 Quid
805 1430 951 1488 lynces
981 1429 1138 1472 Bacchi
1166 1429 1306 1472 variae
1335 1437 1375 1472 ct
1403 1443 1536 1487 genus
1565 1443 1660 1472 acre
1689 1429 1884 1488 luporum

503 1499 586 1542 265
631 1504 756 1555 atque
787 1496 970 1539 canum}>
998 1496 1125 1554 quid
1155 1511 1261 1554 quae
1290 1496 1464 1539 inbelles
1495 1496 1594 1539 dant
1623 1496 1783 1554 proelia
1813 1497 1960 1540 cervi?

502 1566 584 1607 258
630 1564 770 1616 Quid
799 1565 981 1617 iuvenis,
1008 1579 1211 1621 magnum
1240 1565 1306 1605 cui
1336 1572 1473 1605 versat
1501 1564 1544 1616 in
1574 1565 1735 1605 ossibus
1765 1565 1905 1621 ignem

631 1631 760 1673 durus
790 1631 938 1672 amor?
965 1643 1115 1685 nempe
1141 1630 1327 1687 abruptis
1354 1631 1518 1672 turbata
1544 1630 1739 1687 procellis
3070 1674 3082 1681 Α,

630 1705 751 1739 nocte
782 1704 1044 1751 11atat,eaeca
1073 1711 1189 1737 serus
1218 1697 1347 1749 freta,
1378 1711 1503 1752 quem
1531 1708 1657 1753 super
1685 1697 1832 1753 ingens
2988 1687 3020 1735 ἶ
3068 1681 3082 1709 Ξ

632 1771 754 1821 porta
784 1770 900 1804 tonat
932 1762 1034 1803 caeli
1061 1770 1102 1804 et
1130 1763 1310 1819 scopulis
1341 1763 1462 1803 inlisa
1490 1763 1719 1803 reclamant
2990 1768 2993 1772 '
3065 1761 3077 1764 ’

503 1831 586 1871 262
631 1845 835 1884 aequora,
869 1843 945 1869 nec
973 1829 1114 1869 miseri
1141 1836 1315 1884 possunt
1345 1844 1541 1870 revocare
1570 1836 1778 1883 parentes.

503 1897 585 1938 966
631 1891 801 1939 Scilicet
829 1902 925 1936 ante
955 1894 1089 1936 omnis
1119 1898 1238 1936 furor
1266 1902 1328 1937 est
1356 1894 1530 1950 insignis
1560 1909 1782 1949 equarum:

633 1970 672 2006 et
702 1968 885 2006 mentem
916 1959 1061 2004 Venus
1090 1960 1179 2018 ipsa
1209 1960 1340 2015 dedit,
1372 1977 1455 2017 quo
1484 1968 1671 2017 tempore
1700 1959 1851 2005 Glauci

505 2029 587 2073 268
633 2029 860 2074 Potniades
890 2030 1010 2074 malis
1039 2028 1229 2073 membra
1258 2028 1526 2085 absumpsere
1557 2026 1797 2084 quadrigae.

508 2096 592 2141 ‘250
635 2095 789 2141 Nonne
818 2096 933 2142 vides
968 2103 1014 2141 ut
1041 2102 1128 2141 tota
1157 2102 1314 2139 tremor
1339 2100 1588 2153 pertemptet
1617 2106 1821 2152 equorum

636 2178 835 2223 corpora,
867 2165 902 2207 si
926 2170 1088 2207 tantum
1120 2169 1238 2206 notas
1269 2158 1375 2205 odor
1403 2161 1539 2202 attulit
1567 2160 1722 2203 auras?

633 2246 681 2273 ac
711 2245 847 2289 neque
877 2246 948 2274 eos
977 2232 1059 2273 iam
1088 2231 1207 2273 frena
1237 2229 1373 2272 virum
1400 2243 1536 2286 neque
1564 2229 1740 2271 verbera
1768 2241 1912 2279 saeva,

635 2314 721 2340 non
749 2300 908 2357 scopuli
937 2312 1146 2357 rupesque
1174 2311 1302 2338 cavae
1331 2304 1456 2352 atquc
1487 2296 1647 2337 obiecta
1677 2296 1891 2337 retardant

505 2366 590 2407 254
633 2365 807 2407 flumina
837 2372 1135 2423 correptosque
1164 2363 1278 2406 unda
1306 2363 1545 2419 torquentia
1575 2362 1739 2403 montis.

506 2433 589 2475 ‘269
636 2431 754 2490 [Illas
782 2431 894 2474 ducit
923 2447 1042 2474 amor
1069 2438 1185 2473 trans
1216 2428 1414 2487 Gargara
1441 2436 1640 2485 transque
1668 2434 1883 2470 sonantem

633 2499 887 2552 Ascanium,
918 2505 1116 2557 superant
1144 2496 1296 2540 montis
1327 2504 1367 2538 et
1394 2495 1567 2538 flumina
1597 2493 1792 2552 tranant}

633 2565 928 2623 Continuoque
958 2565 1089 2607 avidis
1122 2565 1194 2607 ubi
1221 2563 1386 2606 subdita
1414 2563 1583 2605 flamma
1611 2561 1824 2604 medullis⁷
1856 2575 1890 2603 e.
1922 2576 1960 2617 q.
1994 2578 2026 2601 s.

0 2722 6 2744 l
37 2704 188 2760 quibus
219 2717 326 2758 quae
357 2701 472 2744 uncis
494 2701 758 2754 inclusimus,
789 2706 885 2742 ante
908 2713 1053 2741 versus
1083 2689 1327 2741 250—254
1354 2696 1507 2755 scripta
1537 2704 1577 2739 et
1606 2697 1658 2739 ab
1686 2695 1827 2738 amicis
1856 2702 1901 2737 ut
1930 2695 2113 2752 priorem
2132 2694 2355 2738 lectionem
2375 2696 2417 2737 in
2445 2696 2683 2753 marginem

2 2769 183 2827 leganda
212 2769 339 2812 fuisse
368 2768 542 2811 conicio.
2656 2763 2667 2775 ¹

123 2846 277 2898 Quarti
320 2846 415 2889 libri
454 2845 570 2888 initio
609 2845 706 2888 inde
745 2861 770 2888 a
801 2862 839 2887 v.
873 2845 961 2887 8-
979 2844 1029 2886 17
1069 2842 1314 2899 exponitur,
1364 2841 1407 2883 in
1451 2840 1548 2884 sede
1594 2840 1740 2897 apibus
1781 2837 1974 2895 eligenda
2014 2853 2120 2895 quae
2168 2838 2307 2882 caveri
2345 2837 2545 2892 debeant,
2590 2846 2679 2882 tum

0 2914 173 2970 8-32)
206 2927 313 2970 quae
352 2911 587 2970 expetenda
615 2912 717 2966 sint,
759 2918 854 2970 post
891 2909 1112 2966 (33—46)
1152 2908 1204 2952 de
1233 2907 1499 2952 aedificandis
1531 2905 1735 2950 alveariis.
1780 2904 1907 2951 Unde
1947 2912 2272 2948 consentaneum
2307 2911 2391 2959 est,
2433 2919 2539 2962 quae
2567 2920 2678 2949 nunc

0 2990 155 3038 guntur
178 2998 215 3023 v.
247 2980 436 3023 47—50
465 2979 615 3023 rectius
643 2994 770 3037 supra
798 2976 1027 3022 adferenda
1056 2976 1204 3032 fuisse,
1238 2983 1283 3019 ut
1311 2981 1477 3034 praeter
1505 2981 1651 3018 ventos
1681 2981 1721 3016 et
1748 2987 1874 3031 pecus
1903 2972 2007 3015 haec
2033 2972 2178 3016 abesse
2208 2971 2447 3016 iubeantur:

538 3116 590 3156 13
636 3113 791 3156 ‘absint
819 3120 860 3155 et
888 3113 986 3170 picti
1017 3111 1256 3169 squalentia
1283 3118 1404 3168 terga
1433 3110 1575 3152 lacerti

631 3180 855 3238 pinguibus
884 3196 909 3223 a
938 3178 1109 3224 stabulis
1138 3191 1416 3235 meropesque
1441 3175 1630 3234 aliaeque
1661 3175 1872 3219 volucres'
1901 3190 1936 3219 e.
1964 3190 2004 3232 q.
2035 3191 2065 3218 s.
2098 3189 2229 3232 usque
2255 3174 2310 3218 ad
2341 3192 2378 3217 v.
2412 3174 2463 3217 17

533 3249 587 3290 47
635 3251 741 3290 ‘neu
768 3247 939 3305 propius
967 3245 1084 3289 tectis
1113 3252 1259 3288 taxum
1285 3244 1375 3288 sine
1401 3258 1512 3287 neve
1542 3243 1728 3286 rubentis

634 3329 710 3357 ure
738 3315 832 3356 foco
864 3327 1058 3365 cancros,
1089 3312 1232 3354 altae
1262 3326 1358 3354 neu
1386 3310 1546 3353 crede
1575 3309 1779 3367 paludi,

636 3389 707 3423 aut
736 3381 808 3423 ubi
837 3380 942 3423 odor
970 3379 1087 3423 caeni
1115 3379 1281 3436 gravis,
1309 3384 1380 3420 aut
1408 3376 1479 3419 ubi
1509 3391 1692 3419 concava
1722 3375 1845 3432 pulsu
