3082 3778
0 3678 39 3778 ζῖἪ“
1 3664 4 3668 “

215 0 325 34 ἐξςμηῆ
330 0 376 12 ,ων-,η
384 0 432 12 ny«,
473 10 477 14 ,
531 0 534 1 ⁷

225 43 231 53 ,
286 33 290 37 .

1325 51 1394 57 -.
1517 25 1548 76 3
1670 52 1737 58 -

98 134 101 140 Ι
154 128 461 203 'Ae-'servavit
489 153 681 212 calorque
709 154 758 196 P.
789 152 855 194 IV
884 153 963 194 141
997 152 1079 193 ‘illi
1118 152 1228 193 tiliae
1256 159 1380 208 atque
1408 150 1620 194 uben-ima
1648 154 1800 208 pinus'
1838 154 1950 207 MP,
1990 153 2184 197 Servius:
2222 153 2370 209 ‘ipsius
2407 159 2541 193 autem
2573 166 2698 192 manu
2726 151 2879 206 duplex

180 216 261 260 fuit
288 216 513 289 scriptura:
543 221 654 263 tinus
682 226 723 262 et
742 220 876 276 pinus
899 218 1143 261 uberrima&
1187 218 1254 260 IV
1280 219 1362 260 231
1395 218 1480 260 ‘bis
1513 218 1711 275 gravidos
1743 226 1897 275 cogunt
1914 220 2051 276 fetus'
2076 219 2171 261 MR
2202 225 2242 260 et
2261 217 2455 270 Servius,
2485 218 2558 259 sed
2582 217 2881 273 Philargyrus:

181 282 325 341 ‘flores
354 285 618 328 emendatum
646 285 756 339 fuit',
786 284 899 342 quod
929 292 1042 329 extat
1070 285 1112 327 in
1141 284 1346 327 Palatino.
1403 283 1496 327 Nec
1525 299 1625 327 sane
1649 284 1713 326 his
1742 286 1983 327 testimoniis
2012 286 2219 338 locorum,
2251 300 2354 341 quos
2380 283 2568 326 secundis
2597 283 2704 325 euris
2735 290 2883 324 retrac—

181 349 285 392 tavit
310 350 546 410 Vergilius,
576 366 774 394 numerus
802 350 942 393 finitus
971 351 1070 394 erit:
1100 350 1227 392 imm0
1249 350 1396 393 eodem
1415 356 1601 407 spectare
1620 350 1867 407 aliquotiens
1892 351 2076 407 ipsorum
2095 351 2297 393 librorum
2321 350 2529 393 dissensus
2555 349 2738 395 videtur,
2772 347 2883 389 velut

181 422 228 459 ut
254 418 500 474 paucissima
528 417 734 474 quaedam
763 416 964 459 delibem:
1001 416 1024 458 I
1054 416 1137 458 226
1176 416 1314 457 ‘vanis
1354 415 1476 458 elusit
1505 416 1665 458 arist&
1702 415 1820 469 MR,
1860 415 2022 458 Nonius
2060 417 2140 458 301
2179 424 2217 458 et
2253 417 2357 468 4163
2402 418 2543 458 avenis
2579 416 2614 457 P
2653 423 2692 456 et
2721 414 2882 455 Probus

179 481 249 538 (cf.
279 481 335 526 H.
363 482 528 528 Keilius
558 481 712 538 Philol.
749 481 798 524 II
838 481 949 539 164).
992 482 1042 526 II
1079 482 1160 525 194
1185 481 1394 525 ‘lancibus
1432 488 1472 525 et
1495 482 1675 539 pandis’
1702 481 1858 525 PMm.
1891 482 1937 534 2,
1969 479 2163 534 Servius,
2193 481 2492 539 Philargyrus3
2525 481 2687 538 patulis
2716 479 2762 522 M
2773 495 2827 521 m.
2860 481 2879 520 1

179 548 248 606 (cf.
270 550 380 594 Aen.
400 548 490 592 VH
511 548 621 604 115).
664 547 713 590 H
742 548 827 591 294
857 549 1101 608 ‘multosque
1125 549 1307 607 nepotes'
1338 548 1500 604 MPR,
1531 548 1776 608 ‘multosque
1794 564 1872 606 per·
1901 548 2049 591 annos'
2072 547 2325 590 Veronensis
2346 549 2421 605 (V)
2447 555 2487 591 et
2511 548 2673 591 Nonius
2693 547 2799 600 525,
2828 546 2882 588 25

179 615 247 672 (cf.
284 615 354 671 IV
389 614 503 671 208).
567 613 638 656 HI
678 615 761 657 310
800 617 1046 659 ‘manabunt
1071 614 1271 674 flumi‘na'
1310 614 1399 658 MF
1429 615 1472 671 (i.
1503 630 1537 658 e.
1570 616 1803 673 fragmenta
1833 615 2074 671 Vaticana),
2111 614 2411 671 Philargyrus,
2454 616 2579 657 ubera
2620 614 2727 666 PR,
2768 613 2883 654 varia

178 681 302 726 lectio
331 679 444 738 apud
475 679 798 739 Philargyrum,
828 681 988 725 Nonius
1019 683 1124 737 351,
1154 682 1192 724 3.
1261 681 1328 724 IV
1369 682 1450 724 125
1486 682 1581 724 ‘sub
1611 680 1811 725 Oebaliae
1841 714 1850 723 .
1883 714 1891 723 .
1924 712 1933 722 .
1965 681 2150 723 turribus
2181 681 2297 723 altis'
2328 681 2373 723 M
2403 688 2441 724 et
2471 680 2663 731 Servius,
2704 681 2817 722 arcis
2847 678 2882 720 P

139 762 141 765 ’
179 747 476 790 et'Arusianus
493 746 668 790 Messius
687 763 728 805 p.
753 750 837 792 245
857 749 978 792 Lind.
1005 766 1044 792 v.
1067 749 1249 791 memini.
1294 748 1361 790 lv
1384 748 1463 789 173
1495 749 1647 804 ‘gemit
1675 748 1861 805 inpositis
1884 747 2101 790 incudibus
2129 756 2298 789 antrum
2330 747 2411 788 PF
2433 748 2499 801 (ef.
2516 749 2623 789 Aen.
2652 747 2740 788 VII
2768 747 2881 797 451),

177 813 317 856 Aetna
355 811 414 855 M.
480 812 547 855 IV
575 813 656 855 217
696 817 893 872 ‘corpora
921 815 1033 858 bello
1063 815 1287 857 obiectant'
1316 813 1431 868 MR,
1462 822 1635 870 pectora
1663 813 1712 856 P.
1779 814 1846 855 IV
1870 815 1954 857 509
1994 813 2169 871 ‘flevisse
2197 820 2239 856 et
2267 813 2416 870 gelidis
2448 814 2547 854 hacc
2579 813 2781 855 evolvisse
2804 812 2881 853 sub

178 878 334 920 antris'
363 877 479 934 MP,
508 879 639 937 ‘flesse
666 881 749 923 sibi
775 913 785 923 .
820 914 829 923 .
861 913 870 923 .
901 882 1047 924 astris'
1076 881 1126 924 R.

347 955 435 1000 Sed
464 957 567 1001 haec
595 959 825 1002 accuratius
854 959 955 1002 olim
991 957 1278 1016 persequenda
1306 964 1446 1011 erunt,
1486 958 1590 1000 illud
1621 974 1718 1000 vero
1759 974 1869 1001 nunc
1907 959 2030 1003 etiam
2063 957 2265 1014 exemplis
2304 956 2438 998 allatis
2469 964 2662 1014 apparet,
2700 957 2881 1013 potuisse

177 1022 362 1079 Augusti
392 1023 582 1066 victorias
609 1038 777 1081 quoque
803 1032 948 1082 postea
976 1024 1074 1066 anni
1109 1024 1192 1065 734
1229 1023 1450 1081 splendore
1476 1023 1696 1066 inlustrare
1725 1023 1972 1080 Vergilium.
2031 1022 2121 1065 Nec
2150 1029 2288 1064 tamen
2319 1022 2520 1064 secundas
2556 1037 2674 1063 curas
2705 1022 2796 1063 illas
2827 1022 2882 1062 ita

177 1088 404 1132 absolvisse
432 1090 672 1133 statuendus
702 1097 789 1146 est,
820 1098 864 1133 ut
891 1098 1024 1133 totum
1051 1095 1201 1148 poe‘ma
1229 1090 1378 1131 iterum
1405 1089 1492 1146 ipse
1523 1090 1684 1132 ederet:
1715 1090 1828 1146 quod
1857 1089 1891 1130 si
1919 1090 2102 1142 fecisset,
2131 1104 2216 1130 non
2246 1088 2419 1130 dubium
2448 1088 2612 1141 fuisset,
2653 1088 2750 1144 quid
2790 1088 2881 1129 reli—

176 1154 331 1212 quisset
367 1162 531 1210 auctor,
567 1170 703 1213 neque
741 1157 793 1200 de
841 1158 1017 1201 correcti
1055 1163 1095 1199 et
1132 1156 1357 1198 authentici
1395 1157 1693 1213 exemplarium
1733 1156 1968 1198 discrimine
2007 1156 2184 1212 amplius
2220 1156 2467 1212 legeremus.
2529 1154 2715 1198 Schedas
2756 1155 2882 1210 igitur

177 1221 378 1279 quasdam
405 1229 450 1264 ut
477 1221 695 1265 Lucretius
722 1224 787 1266 vel
827 1224 870 1265 in
898 1224 1132 1281 marginem
1170 1222 1334 1264 interim
1363 1223 1546 1264 coniecta
1583 1223 1780 1264 subitaria
1819 1229 2053 1264 commenta
2087 1222 2121 1264 si
2157 1222 2346 1278 reliquit,
2386 1222 2535 1278 quibus
2573 1221 2655 1262 alia
2693 1221 2880 1268 resecuit,

177 1287 257 1330 alia
285 1303 395 1331 nova
422 1288 603 1342 adiecit,
633 1288 715 1331 alia
743 1290 943 1347 correxit,
981 1304 1030 1333 ea
1058 1304 1132 1331 suo
1162 1288 1344 1345 quidque
1372 1288 1464 1331 loco
1494 1289 1676 1332 inserere
1704 1297 1746 1332 et
1774 1304 1868 1331 cum
1897 1289 2042 1331 ceteris
2078 1288 2301 1331 conciliare
2329 1288 2577 1341 amicorum,
2621 1287 2692 1344 qui
2726 1288 2879 1329 mortui

174 1354 358 1397 carmina
386 1346 626 1410 ediderunt,
656 1356 839 1400 officium
869 1362 968 1400 erat.
1027 1355 1190 1409 Quibus
1220 1371 1302 1414 quo
1331 1355 1455 1398 modo
1484 1370 1548 1398 res
1578 1357 1745 1400 cesserit
1781 1356 2004 1413 diligenter
2033 1355 2349 1412 circumspicere
2380 1369 2526 1398 eorum
2556 1355 2655 1408 erit,
2686 1355 2756 1411 qui
2787 1363 2881 1411 post

177 1420 352 1464 Varium
382 1427 424 1464 et
451 1420 634 1465 Tuccam
662 1422 735 1465 illa
763 1438 978 1467 recensere
1006 1423 1190 1466 animum
1218 1422 1469 1465 induxerint.

342 1498 399 1542 Et
436 1500 595 1542 notavit
633 1501 720 1544 eius
756 1502 922 1559 generis
962 1498 1166 1559 quaedam
1203 1515 1301 1543 sane
1330 1499 1583 1560 „VVagnerus
1620 1500 1673 1542 ad
1712 1514 1779 1557 ge.
1817 1499 1883 1541 IV
1923 1500 2005 1541 203
2054 1499 2094 1555 (Ι
2136 1500 2188 1541 47
2231 1500 2312 1542 135
2360 1499 2407 1541 11
2448 1499 2525 1541 171
2579 1499 2651 1541 ΠΙ
2689 1500 2743 1541 32
2792 1499 2874 1541 219

173 1563 241 1606 IV
277 1565 360 1608 276
397 1566 678 1624 291-293),
719 1568 792 1610 sed
827 1575 912 1609 tam
939 1568 1010 1610 ille
1038 1567 1230 1624 strictim,
1269 1574 1314 1608 ut
1357 1567 1490 1608 obiter
1518 1581 1607 1608 rem
1646 1567 1830 1624 attigisse
1865 1567 1999 1624 potius
2037 1581 2163 1622 quam
2192 1566 2494 1623 pervestigasse
2525 1565 2769 1607 iudicandus
2812 1566 2875 1607 sit.

177 1630 306 1674 Velut
333 1632 470 1674 statim
498 1633 614 1675 initio
643 1632 767 1690 primi
795 1633 891 1676 libri
921 1647 1065 1676 versus
1094 1634 1147 1674 47
1162 1634 1303 1675 -49ε
1479 1646 1481 1648 ·

844 1755 916 1797 illa
943 1769 1064 1813 seges
1095 1755 1263 1797 demum
1293 1756 1398 1798 votis
1428 1755 1650 1813 respondet
1679 1755 1795 1796 avari

841 1822 1072 1878 agricolae,
1102 1823 1165 1864 bis
1197 1836 1303 1879 quae
1332 1821 1482 1874 solem,
1516 1822 1576 1863 bis
1604 1822 1762 1878 frigora
1792 1822 1937 1873 sensit,

841 1888 951 1929 illius
980 1889 1207 1930 immensae
1235 1894 1438 1945 ruperunt
1466 1888 1617 1930 horrea
1645 1904 1798 1931 messes

172 2018 298 2075 paulo
327 2018 613 2061 inclementius
651 2018 874 2061 damnavit.
942 2019 1053 2062 Nam
1083 2020 1204 2077 quod
1238 2019 1432 2077 Heynius
1471 2020 1609 2077 arguit
1644 2021 1855 2064 adversari
1893 2021 1971 2063 sibi
2000 2028 2189 2078 po'e‘tam,
2227 2037 2319 2064 cum
2350 2022 2529 2078 primuni
2561 2028 2755 2077 quattuor
2786 2037 2870 2063 ara-

171 2083 305 2127 tiones
335 2084 612 2142 praeceperit,
643 2084 794 2128 deinde
823 2085 893 2141 (67
933 2088 1011 2143 sq.)
1048 2086 1179 2130 tribus
1209 2094 1424 2129 contentus
1453 2087 1526 2140 sit,
1562 2102 1649 2130 non
1685 2087 1997 2142 animadvertit,
2038 2104 2060 2130 e
2099 2089 2228 2131 sterili
2265 2088 2413 2130 tellure
2454 2103 2505 2129 ne
2546 2102 2665 2144 posse
2703 2087 2870 2144 quidem

172 2148 413 2192 ‘immensas
441 2151 615 2193 messes'
644 2151 740 2194 ullis
767 2152 922 2194 artibus
952 2151 1158 2200 excitari„
1193 2152 1314 2195 Alias
1352 2152 1551 2209 quasdam
1581 2153 1902 2196 offensiunculas
1940 2155 2277 2212 interpretatione
2313 2154 2489 2196 removit
2517 2153 2799 2196 Reinhardtus
2830 2155 2869 2195 in

171 2229 315 2273 progr.
345 2230 491 2274 gymn.
521 2215 847 2275 Hildburgensis
876 2232 912 2259 a.
947 2218 1069 2261 1838.
1115 2218 1198 2261 'At
1235 2218 1318 2261 levi
1352 2233 1475 2262 cursu
1511 2217 1622 2262 idem
1662 2219 1906 2277 Wagnerus
1943 2220 2105 2263 transiit
2141 2221 2371 2277 sequentia,
2412 2235 2518 2277 quae
2559 2235 2640 2277 qua
2680 2220 2870 2262 laborent

171 2281 414 2324 difficultate
451 2289 498 2324 ut
534 2282 835 2338 demonstrem,
881 2293 1196 2342 praeceptorum
1233 2286 1331 2328 inde
1377 2300 1402 2326 a
1440 2301 1479 2326 v.
1519 2286 1574 2327 43
1623 2286 1726 2328 ordo
1765 2294 1825 2328 est
1862 2288 2172 2344 proponendus.
2248 2288 2392 2329 Primo
2432 2302 2530 2329 vere
2568 2289 2773 2329 arandum
2811 2297 2870 2329 est

171 2347 409 2404 (43—49),
446 2354 542 2390 ante
580 2349 718 2391 omnia
746 2357 885 2392 tamen
914 2351 1017 2393 caeli
1044 2351 1206 2408 solique
1233 2358 1381 2393 natura
1417 2351 1675 2408 exploranda
1703 2352 1943 2409 (50—52)‚
1988 2368 2085 2395 nam
2120 2353 2201 2394 alia
2229 2353 2318 2394 aliis
2348 2353 2588 2409 regionibus
2618 2355 2871 2410 proveniunt

170 2413 242 2470 (53
267 2413 399 2470 -63).
465 2413 630 2473 Pingue
658 2423 795 2458 autem
833 2416 968 2459 solum
1007 2417 1176 2459 ineunte
1212 2432 1323 2460 anno
1352 2417 1664 2471 invertendum,
1706 2410 1815 2460 exile
1846 2416 2082 2477 Septembri
2121 2419 2473 2478 proscindendum
2503 2421 2635 2475 (64—
2651 2422 2733 2477 To).
2791 2422 2871 2465 Re—

171 2481 365 2522 creantur
390 2480 482 2537 agri
510 2488 581 2523 aut
609 2483 807 2525 cessando
835 2483 1003 2525 alternis
1032 2484 1150 2525 annis
1181 2485 1248 2540 (71
1280 2485 1356 2541 sq.)
1386 2490 1457 2526 aut
1489 2484 1647 2526 semine
1675 2492 1831 2528 mutato
1869 2487 2087 2543 (73—83)
2127 2495 2198 2529 aut
2235 2486 2426 2528 incendio
2467 2488 2698 2544 (84—93).
2745 2487 2870 2529 Prae·

170 2552 283 2589 terea
309 2546 415 2590 aliae
443 2554 539 2589 sunt
566 2548 768 2602 rationes,
797 2549 945 2606 quibus
973 2564 1174 2606 agrorum
1199 2550 1454 2593 sterilitatem
1483 2558 1698 2608 oppugnat
1725 2551 1903 2608 diligens
1932 2560 2091 2595 arator:

741 2670 797 2713 94
838 2671 1036 2712 ‘multum
1065 2671 1188 2725 adeo,
1217 2671 1360 2713 rastris
1388 2671 1558 2728 glaebas
1587 2672 1677 2728 qui
1705 2672 1860 2730 frangit
1889 2674 2031 2716 inertis

842 2736 1124 2795 vimineasque
1152 2738 1278 2780 trahit
1306 2738 1428 2780 cratis
1440 2770 1450 2792 ,
1479 2738 1592 2781 iuvat
1619 2755 1740 2792 arva,
1770 2754 1906 2796 neque
1932 2740 2050 2782 illum

841 2802 950 2846 flava
977 2802 1105 2848 Ceres
1132 2803 1216 2848 alto
1245 2804 1498 2862 nequiquam
1524 2812 1682 2862 spectat
1711 2804 1897 2864 Olympo
1910 2839 1920 2858 ,

842 2875 882 2913 et
911 2869 995 2928 qui
1022 2870 1228 2929 proscisso
1261 2885 1367 2929 quae
1395 2871 1563 2915 suscitat
1589 2886 1771 2929 aequore
1798 2880 1917 2931 terga

839 2951 982 2980 rursus
1011 2938 1054 2980 in
1085 2937 1300 2996 obliquom
1328 2952 1449 2983 verso
1477 2940 1707 2998 perrumpit
1735 2948 1873 2984 aratro

741 3002 795 3045 99
836 3011 1085 3061 exercetque
1112 2998 1308 3062 steqiiens
1335 3005 1534 3048 tellurem
1556 3013 1679 3064 atque
1707 3007 1882 3065 imperat
1911 3009 2033 3051 arvis.

715 3070 798 3111 104
839 3068 981 3122 Quid
1010 3070 1201 3125 dicam,
1230 3071 1336 3114 iacto
1366 3072 1454 3129 qui
1482 3072 1638 3115 semine
1668 3074 1899 3117 comminus
1929 3090 2029 3117 arva

839 3137 1090 3193 insequitur,
1120 3138 1389 3195 cumulosque
1413 3139 1496 3181 ruit
1525 3140 1635 3182 male
1662 3141 1828 3198 pinguis
1859 3143 2061 3197 harenae,

840 3201 990 3245 deinde
1017 3203 1114 3246 satis
1142 3204 1315 3247 fluvium
1342 3204 1502 3248 inducit
1527 3206 1722 3264 rivosque
1751 3208 1979 3265 sequentis'
2008 3223 2043 3251 e.
2073 3224 2113 3265 q.
2144 3225 2175 3250 s.
2208 3225 2337 3266 usque
2367 3211 2420 3252 ad
2453 3228 2489 3251 v.
2523 3213 2602 3254 llo

710 3268 787 3310 111
831 3269 980 3326 ‘quid
1009 3270 1117 3328 qui,
1147 3286 1201 3315 ne
1235 3271 1421 3330 gravidis
1449 3270 1695 3331 procumbat
1724 3274 1884 3317 culmus
1914 3275 2048 3318 aristis

839 3335 1048 3380 luxuriem
1074 3344 1263 3396 segetum
1290 3346 1434 3382 tenera
1462 3339 1644 3398 depascit
1673 3340 1716 3382 in
1745 3341 1896 3384 herba'
1927 3357 1962 3385 e.
1993 3359 2032 3400 q.
2064 3360 2095 3385 s.
2126 3358 2255 3400 usque
2284 3343 2337 3385 ad
2368 3361 2405 3384 v.
2440 3345 2531 3385 117.

2330 3421 2392 3462 l&
