3082 3778
154 216 208 258 ad
237 215 319 257 alia
346 215 527 257 transiri.
587 214 694 268 Quis
728 216 856 273 igitur
884 222 978 272 post
1007 229 1162 259 novem
1189 230 1356 270 versus,
1387 217 1459 260 ubi
1488 217 1540 260 de
1570 216 1798 274 purgandis
1825 216 2016 259 alveariis
2036 216 2186 259 dicitur
2204 215 2505 273 (239-247),
2526 233 2715 280 expectet
2736 243 2878 272 rursus

154 282 208 324 ad
238 296 417 324 messem
447 296 492 324 se
525 282 714 324 revocari
746 282 808 323 his
839 281 1132 338 (248—250):

833 383 917 426 quo
944 370 1342 427 magis‚exhaustae
1370 370 1547 425 fuerint,
1578 371 1659 414 hoc
1687 370 1821 413 acrius
1851 383 1994 412 omnes

834 436 1079 480 incumbent
1107 435 1273 494 generis
1301 435 1406 493 lapsi
1435 437 1589 480 sarcire
1620 437 1782 491 ruinas,

837 503 1192 561 complebuntque
1221 503 1334 546 foros
1364 508 1405 546 et
1432 502 1606 547 floribus
1636 504 1789 547 horrea
1816 510 1960 548 texent

157 593 402 650 praesertim
432 607 527 634 cum
558 606 665 648 quae
700 599 934 648 sequuntur
972 592 1024 634 de
1063 591 1307 633 morborum
1344 590 1538 634 remediis
1577 591 1780 633 artissime
1809 606 1904 633 cum
1943 590 2135 633 suffiendi
2178 592 2337 635 ratione
2373 591 2652 635 cohaereant?
2710 589 2797 636 Sed
2825 612 2878 639 ne

157 668 251 718 post
282 678 318 701 v.
350 659 433 701 238
462 658 634 715 quidem
665 658 887 701 commode
926 659 1002 700 ista
1041 656 1337 711 adnectuntur,
1379 657 1575 714 quoniam
1605 665 1748 700 carent
1783 657 1898 699 velut
1932 657 2012 698 hac
2042 657 2266 700 verborum
2306 658 2585 716 copulatione:
2624 658 2718 702 ‘sed
2746 658 2877 702 nihilo

157 727 293 768 minus
331 726 414 767 iras
453 725 623 767 illarum
662 731 905 782 aspernatus
940 724 1071 766 reline
1106 723 1254 777 mella3
1291 739 1375 780 quo
1414 723 1525 766 enim
1564 723 1697 780 magis
1737 723 1964 766 exhaustae
1993 722 2168 764 fuerint⁷
2198 737 2233 765 e.
2261 739 2301 780 q.
2330 739 2362 766 s.
2428 723 2582 776 Qualia
2609 739 2703 768 oum
2731 723 2876 776 desint,

157 792 412 833 secernenda
442 798 560 844 sunt,
602 806 709 848 quae
746 806 799 832 ne
837 805 932 832 cum
961 790 1107 831 ceteris
1134 779 1266 831 artius
1305 790 1612 830 consarcinaret
1647 795 1781 830 morte
1811 787 2043 845 prohibitus
2083 794 2144 829 est
2173 788 2399 846 Vergilius.
2467 790 2586 832 Idem
2617 791 2654 833 ei
2682 789 2878 832 accidisse

158 876 195 899 v.
225 858 308 900 276
339 857 546 900 intellexit
572 857 830 915 Wagner-us.
889 855 975 899 Sed
1006 855 1384 898 manifestissimum
1413 855 1688 913 suspitionum
1720 861 1956 897 nostrarum
1986 853 2225 910 exemplum
2256 856 2580 910 reservavimus,
2611 856 2724 914 quod
2753 855 2875 914 quale

157 925 208 965 sit
235 924 478 967 brevissime
507 924 566 980 sic
595 924 902 966 adumbramus.
963 920 1197 978 Scripserat
1225 921 1268 962 ni
1296 921 1448 963 mirum
1479 921 1521 962 in
1549 920 1688 977 priore
1716 919 1897 962 editione
1927 919 2140 975 Vergilius
2172 919 2295 961 haec:

708 1012 789 1052 287
839 1026 933 1051 nam
965 1024 1047 1065 qua
1076 1008 1235 1050 Pellaei
1261 1022 1366 1066 gens
1395 1009 1604 1051 fortunata
1634 1007 1796 1065 Canopi

835 1077 984 1119 accolit
1014 1075 1147 1118 effuso
1177 1082 1442 1132 stagnantem
1471 1075 1641 1116 flumine
1672 1074 1839 1127 Nilum,

837 1152 877 1185 et
906 1145 1063 1185 circum
1092 1142 1211 1200 pictis
1242 1142 1406 1183 vehitur
1434 1157 1509 1182 sua
1539 1157 1637 1183 rura
1666 1140 1868 1198 phaselis,

834 1225 999 1268 quaque
1027 1209 1288 1266 pharetratae
1318 1208 1466 1249 vicinia
1494 1207 1678 1248 Persidis
1709 1213 1880 1263 urguet:

709 1278 794 1320 ‘294
838 1277 972 1319 omnis
1004 1276 1043 1317 in
1076 1277 1153 1317 hac
1181 1282 1334 1317 certam
1364 1275 1481 1332 regio
1509 1274 1603 1316 iacit
1630 1281 1721 1316 arte
1747 1273 1934 1315 salutem.

159 1368 310 1410 Postea
342 1367 566 1410 emendans
594 1381 761 1409 carmen
793 1366 908 1408 varia
934 1365 1169 1422 temptavit,
1210 1371 1253 1406 ut
1294 1378 1436 1406 versus
1473 1364 1557 1406 289
1604 1363 1696 1406 loco
1737 1361 1823 1404 Nili
1860 1361 2040 1404 fluminis
2078 1367 2268 1404 naturam
2305 1368 2345 1404 et
2377 1376 2543 1404 cursum
2571 1361 2776 1419 copiosius
2806 1362 2877 1406 de-

158 1434 345 1476 clararet.
413 1432 500 1477 Sed
540 1449 635 1476 cum
682 1433 868 1475 nondum
915 1432 1111 1488 liqueret,
1163 1431 1262 1487 quid
1308 1430 1564 1487 potissimum
1610 1429 1892 1479 substitueret,
1938 1427 2102 1469 interim
2143 1427 2310 1484 reliquit
2357 1428 2398 1468 in
2441 1433 2582 1470 versus
2620 1428 2703 1470 289
2744 1429 2877 1471 vicem

158 1501 333 1542 conficta
364 1500 465 1542 haec
480 1515 488 1541 :

525 1589 605 1630 291
653 1596 693 1629 et
722 1588 900 1630 viridem
930 1588 1177 1643 Aegyptum
1209 1586 1330 1643 nigra
1358 1559 1554 1627 fecundat
1583 1584 1739 1626 harena

522 1654 606 1696 292
650 1661 690 1695 et
719 1653 884 1695 diversa
914 1669 1038 1695 ruens
1070 1659 1227 1709 septem
1260 1652 1452 1694 discurrit
1480 1652 1520 1692 in
1552 1666 1627 1693 ora
1832 1630 1963 1673 usque
1992 1615 2185 1658 commus
2214 1617 2345 1658 amnis
2365 1617 2549 1659 devexus
2575 1616 2628 1657 ab
2648 1616 2766 1660 Indis
2793 1617 2876 1661 293

158 1744 278 1795 Quae
309 1758 403 1785 cum
433 1744 667 1800 promiscue
698 1743 837 1784 omnia
864 1743 982 1784 amici
1016 1743 1057 1782 in
1086 1747 1247 1784 textum
1276 1741 1550 1798 recepissent,
1593 1740 1729 1781 variae
1765 1740 1862 1782 inde
1899 1741 2046 1783 turbae
2079 1745 2199 1783 natae
2228 1745 2346 1791 sunt,
2385 1752 2561 1795 quarum
2589 1739 2741 1780 indicia
2768 1739 2875 1781 bene

157 1810 312 1854 factum
340 1818 400 1853 cst
430 1816 475 1852 ut
505 1809 732 1852 certissima
762 1809 803 1852 in
836 1808 1014 1866 antiquis
1048 1806 1164 1850 libris
1194 1813 1357 1849 servata
1386 1806 1478 1849 sint.
1538 1805 1648 1848 Nam
1678 1821 1702 1848 a
1733 1806 1903 1864 vulgato
1934 1806 2100 1859 ordine,
2140 1804 2255 1847 cuius
2285 1804 2321 1847 P
2349 1804 2463 1847 testis
2493 1810 2573 1858 est,
2618 1804 2803 1848 diversus
2832 1804 2874 1845 in

158 1878 197 1922 R
226 1878 379 1935 legitur
408 1877 497 1920 hic:
540 1877 636 1920 290.
667 1877 763 1920 292.
795 1877 890 1920 293.
922 1877 1017 1919 291.
1047 1875 1150 1929 294,
1179 1874 1220 1917 in
1251 1873 1296 1917 M
1325 1880 1463 1917 autem
1495 1875 1579 1918 hic:
1618 1874 1713 1917 290.
1751 1873 1847 1916 292.
1887 1873 1982 1917 291.
2024 1873 2119 1916 293.
2159 1872 2264 1925 294,
2310 1871 2518 1929 praeteriit
2554 1871 2871 1914 commentando

160 1945 332 1990 Servius
364 1961 400 1987 v.
433 1944 516 1988 292
547 1960 622 2002 sq„
664 1943 942 2002 Philargyrus
972 1943 1051 1987 291
1085 1957 1146 2000 sq.
